Product_title,Product_image,Packagesize,Price,Price_per_unit
KR Castlemaine Cantonese Pork Shoudler per kg,https://www.aldi.com.au/fileadmin/_processed_/f/a/csm_1324_SSV_MEAT_1x1_1_RET_9fed471326.png,per kg,$13.99,$13.99 per kg
"Ready, Setâ€¦Cook! Slow Cooked Lamb Shoulder per kg",https://www.aldi.com.au/fileadmin/_processed_/2/6/csm_1324_SSV_MEAT_1x1_2_RET_f23523ab45.png,per kg,$19.99,$19.99 per kg
The Fishmonger Smoked Salmon 500g,https://www.aldi.com.au/fileadmin/_processed_/d/6/csm_1324_SSV_MEAT_1x1_3_RET_264d50b12d.png,500g,$19.99,$39.98 per kg
The Fishmonger Fresh Australian Black Tiger Prawns 1kg,https://www.aldi.com.au/fileadmin/_processed_/c/f/csm_1324_SSV_MEAT_1x1_4_RET_24d068b382.png,per kg,$27.99,$27.99 per kg
Ironbark Pork Pork Ribs per kg,https://www.aldi.com.au/fileadmin/_processed_/6/8/csm_1002921_MARCH_SSV_B2_1x1_228x128_1_RET_14d8b710bc.png,per kg,$14.99,$14.99 per kg
The Fishmonger Fresh Salmon Fillets Lemon & Herb Crumb 4pk/500g,https://www.aldi.com.au/fileadmin/_processed_/3/2/csm_1002921_MARCH_SSV_B2_1x1_228x128_2_RET_509a0757f4.png,,$17.99,$35.98 per kg
Julius Gold Premium Dog Food Meaty Beef Loaf Style 100g,https://www.aldi.com.au/fileadmin/_processed_/7/6/csm_1002781_REDUCTIONS_R13_1x1_228x128_3_RET_02cfacad1f.png,100g,95,95c per 100g
Julius Gold Premium Dog Food Meaty Chicken Loaf Style 100g,https://www.aldi.com.au/fileadmin/_processed_/e/f/csm_1002781_REDUCTIONS_R13_1x1_228x128_4_RET_f20ab3864c.png,100g,95,95c per 100g
Julius Gold Premium Dog Food Meaty Lamb Loaf Style 100g,https://www.aldi.com.au/fileadmin/_processed_/6/8/csm_1002781_REDUCTIONS_R13_1x1_228x128_5_RET_95335a01b7.png,100g,95,95c per 100g
Julius Gold Premium Dog Food Meaty Loaf with Kangaroo 100g,https://www.aldi.com.au/fileadmin/_processed_/6/2/csm_1002781_REDUCTIONS_R13_1x1_228x128_6_RET_82b6f9b86d.png,100g,95,95c per 100g
"Julius Gold Premium Puppy Food Chicken Mince with Rice, Carrots and Spinach 100g",https://www.aldi.com.au/fileadmin/_processed_/f/4/csm_1002781_REDUCTIONS_R13_1x1_228x128_7_RET_c7f0dbce70.png,100g,95,95c per 100g
Julius Gold Loaf Style Dog Food 400g - Assorted Varieties,https://www.aldi.com.au/fileadmin/_processed_/d/3/csm_1002942-1_PETS_1x1_228x128_1_RET_fb9c9cf177.png,400g,$1.99,50c per 100g
Julius Gold Gourmet Dry Dog Food Chicken & Vegetables 1.5kg,https://www.aldi.com.au/fileadmin/_processed_/9/8/csm_1002942-1_PETS_1x1_228x128_2_RET_59a518f17b.png,1.5kg,$9.99,67c per 100g
Julius Gold Gourmet Dry Dog Food Beef & Vegetables 1.5kg,https://www.aldi.com.au/fileadmin/_processed_/3/3/csm_1002942-1_PETS_1x1_228x128_3_RET_9698fc8a2d.png,1.5kg,$9.99,67c per 100g
"Julius Dog Food Casserole with Beef, Vegetables and Gravy 700g",https://www.aldi.com.au/fileadmin/_processed_/0/c/csm_1002942-1_PETS_1x1_228x128_4_RET_2fedab68b3.png,700g,$2.39,34c per 100g
"Julius Dog Food Casserole with Beef, Vegetables and Gravy 1.2kg",https://www.aldi.com.au/fileadmin/_processed_/9/7/csm_1002942-1_PETS_1x1_228x128_5_RET_9faaa24fc4.png,1.2kg,$3.49,29c per 100g
Julius Dry Dog Food Beef and Vegetable 8kg,https://www.aldi.com.au/fileadmin/_processed_/d/4/csm_1002942-1_PETS_1x1_228x128_6_RET_ac7df3e693.png,8kg,$17.99,22c per 100g
Julius Treatz Dog Treat Mini Sticks Milky 100g,https://www.aldi.com.au/fileadmin/_processed_/7/a/csm_1002942-1_PETS_1x1_228x128_7_RET_a99ee6e953.png,100g,$3.49,$3.49 per 100g
Julius Treatz Dog Treat Mini Sticks with Real Chicken 100g,https://www.aldi.com.au/fileadmin/_processed_/0/3/csm_1002942-1_PETS_1x1_228x128_8_RET_9fb82c8fe2.png,100g,$3.49,$3.49 per 100g
Julius Treatz Den-Twist Chews Regular 7pk,https://www.aldi.com.au/fileadmin/_processed_/4/8/csm_1002942-1_PETS_1x1_228x128_9_RET_51a84e5a9c.png,7pk,$2.99,$1.64 per 100g
Julius Treatz Den-Twist Chews Fresh Breath 7pk,https://www.aldi.com.au/fileadmin/_processed_/a/e/csm_1002942-1_PETS_1x1_228x128_10_RET_a7c7c1b350.png,7pk,$2.99,$1.64 per 100g
Julius Treatz Dog Rawhide Treats 2pk/4pk,https://www.aldi.com.au/fileadmin/_processed_/a/a/csm_1002942-1_PETS_1x1_228x128_32_RET_471d741f39.png,ea,$3.99,$2.00 - $1.00 each
Julius Treatz With Beef Liver 500g,https://www.aldi.com.au/fileadmin/_processed_/f/2/csm_1002942-1_PETS_1x1_228x128_13_RET_e80e5184f1.png,500g,$8.99,$1.80 per 100g
Julius Treatz Pigs Ears 5pk,https://www.aldi.com.au/fileadmin/_processed_/a/c/csm_1002942-1_PETS_1x1_228x128_14_RET_7394277911.png,5pk,$11.99,$2.40 ea
"Natural Elements Pet Nutrition Grain Free Dog Food Duck Pate with Vegetable, Blueberry and Cranberry 400g",https://www.aldi.com.au/fileadmin/_processed_/5/c/csm_1002942-1_PETS_1x1_228x128_15_RET_688ea9655a.png,400g,$1.99,50c per 100g
Natural Elements Pet Nutrition Grain Free Dog Food Chicken and Duck Pate with Garden Vegetables 400g,https://www.aldi.com.au/fileadmin/_processed_/2/0/csm_1002942-1_PETS_1x1_228x128_16_RET_b82e751c8d.png,400g,$1.99,50c per 100g
Natural Elements Pet Nutrition Grain Free Dry Dog Food Chicken 2.5kg,https://www.aldi.com.au/fileadmin/_processed_/c/e/csm_1002942-1_PETS_1x1_228x128_17_RET_130b782316.png,2.5kg,$12.99,52c per 100g
Natural Elements Pet Nutrition Chicken with Vegetables and Rice 700g,https://www.aldi.com.au/fileadmin/_processed_/7/7/csm_1002942-1_PETS_1x1_228x128_19_RET_d59f8016e3.png,700g,$2.69,38c per 100g
Julius Treatz Beef Straps 180g,https://www.aldi.com.au/fileadmin/_processed_/b/0/csm_1002942-1_PETS_1x1_228x128_31_RET_d7440e1dfb.png,,$1.99,$1.11 per 100g
Julius & Cachet Chunky Pet Mince 3kg,https://www.aldi.com.au/fileadmin/_processed_/4/8/csm_1002942-1_PETS_1x1_228x128_28_RET_b52fada050.png,3pk,$14.99,50c per 100g
Julius & Cachet Chunky Pet Mince 1kg,https://www.aldi.com.au/fileadmin/_processed_/9/2/csm_1002942-1_PETS_1x1_228x128_27_RET_3a4ed96f65.png,1kg,$5.99,60c per 100g
Cachet Premium Cat Food Chicken Varieties 85g,https://www.aldi.com.au/fileadmin/_processed_/2/3/csm_1002942-1_PETS_1x1_228x128_21_RET_1158defd16.png,85g,$1.09,$1.28 per 100g
Cachet Premium Cat Food Fish Varieties 85g,https://www.aldi.com.au/fileadmin/_processed_/b/5/csm_1002942-1_PETS_1x1_228x128_22_RET_774634541d.png,,$1.09,$1.28 per 100g
Cachet Premium Cat Food Meat Varieties 85g,https://www.aldi.com.au/fileadmin/_processed_/7/f/csm_1002942-1_PETS_1x1_228x128_23_RET_3ac580ef61.png,85g,$1.09,$1.28 per 100g
"Cachet Gourmet Dry Cat Food Chicken, Cheese and Vegetable Flavour 1kg",https://www.aldi.com.au/fileadmin/_processed_/1/e/csm_1002942-1_PETS_1x1_228x128_24_RET_8509552469.png,1kg,$6.49,65c per 100g
"Cachet Gourmet Dry Cat Food Seafood Platter wirh Tuna, Vegetable and Prawn Flavour 1kg",https://www.aldi.com.au/fileadmin/_processed_/e/9/csm_1002942-1_PETS_1x1_228x128_25_RET_854131bddd.png,1kg,$6.49,65c per 100g
Silvester's Cat Food Pouches Beef Selection in Gravy 12 x 85g,https://www.aldi.com.au/fileadmin/_processed_/d/5/csm_1002942-1_PETS_1x1_228x128_26_RET_8223fcadb6.png,12pk,$5.69,56c per 100g
San-i-pet Clumping Cat Litter 10kg,https://www.aldi.com.au/fileadmin/_processed_/3/4/csm_1002942-1_PETS_1x1_228x128_29_RET_e7877941d5.png,10kg,$7.99,80c per kg
San-i-pet Cat Litter Crystals 2kg,https://www.aldi.com.au/fileadmin/_processed_/6/1/csm_1002942-1_PETS_1x1_228x128_30_RET_f937b85eac.png,,$9.69,$4.85 per kg
Dentitex Advanced Whitening Toothpaste,https://www.aldi.com.au/fileadmin/_processed_/9/3/csm_ALN2364-7_HEALTH_1x1_228x128__7094e66b38.jpg,140g,$2.29,$1.64 per 100g
Dentitex Sensitive Plus Whitening Toothpaste,https://www.aldi.com.au/fileadmin/_processed_/6/1/csm_1001349_ALN-1_1x1_Q3_WEB-AUDIT_228x128_16_b23b07d304.jpg,110g,$5.99,$5.45 per 100g
Dentitex Interdental Pro Toothbrush 2pk,https://www.aldi.com.au/fileadmin/_processed_/b/6/csm_ALN2853_HEALTH_1x1_228x128_4_43e687467b.jpg,2pk,$1.89,95c per unit
"Dentitex Mouthwash Ultra Fresh, Tartar Control or Teeth Defence 1L",https://www.aldi.com.au/fileadmin/_processed_/4/4/csm_1002370-4_Q3_WEB_AUDIT_1x1_228x128_21_RET_1e11b19ab3.png,ea,$3.39,34c per 100ml
Essential Health Paw Paw Ointment 25g,https://www.aldi.com.au/fileadmin/_processed_/3/7/csm_1002370-4_Q3_WEB_AUDIT_1x1_228x128_20_RET_4179ffbebe.png,ea,$2.49,$9.96 per 100g
Hedafen Ibuprofen 24pk,https://www.aldi.com.au/fileadmin/_processed_/b/7/csm_1001605-5_1x1_Q4_WEB-AUDIT_HEALTH_228x128_2_e328b0f92b.jpg,24pk,$1.49,6c per tablet
Hedafen Ibuprofen Liquid Gel Capsules 20pk,https://www.aldi.com.au/fileadmin/_processed_/0/8/csm_ALN3612_1x1_SSV-OCT-B2_228x128_30_546be572a4.jpg,20pk,$2.39,12c per capsule
Hedanol Paracetamol Capsule Shaped Tablets 20pk,https://www.aldi.com.au/fileadmin/_processed_/6/9/csm_1002179-1_Q2_WEB_AUDIT_1x1_228x128_62_RET_1c99ec3153.png,20pk,75,4c per tablet
Essential Health Effervescents 15pk,https://www.aldi.com.au/fileadmin/_processed_/c/3/csm_ALN2364-7_HEALTH_1x1_228x128_10_78358ca360.jpg,ea,$5.29,35c per tablet
Essential Health First Aid Strips Plastic 100pk or Fabric 50pk,https://www.aldi.com.au/fileadmin/_processed_/7/3/csm_1002179-1_Q2_WEB_AUDIT_1x1_228x128_7_RET_b40131b41b.png,ea,$1.99,2c-4c per strip
Onset Protein Bars 30g,https://www.aldi.com.au/fileadmin/_processed_/b/b/csm_1001349_ALN-1_1x1_Q3_WEB-AUDIT_228x128_17_bf3fe01b50.jpg,ea,$1.99,$6.63 per 100g
Market Fare Frozen Corn Kernels 1kg,https://www.aldi.com.au/fileadmin/_processed_/a/2/csm_ALN2853_AWARDS_FROZEN_FOOD_1x1_228x128_2_a10d03312c.jpg,1kg,$4.19,$4.19 per kg
Market Fare Garden Frozen Peas 1kg,https://www.aldi.com.au/fileadmin/_processed_/4/a/csm_ALN2853_AWARDS_FROZEN_FOOD_1x1_228x128_3_d7488acded.jpg,1kg,$2.59,$2.59 per kg
Market Fare Baby Peas 1kg,https://www.aldi.com.au/fileadmin/_processed_/3/3/csm_1001605-7_1x1_Q4_WEB-AUDIT_FREEZER_228x128_1_319014cbbc.jpg,1kg,$4.49,$4.49 per kg
"Market Fare Peas, Carrots & Corn 1kg",https://www.aldi.com.au/fileadmin/_processed_/a/b/csm_ALN2853_AWARDS_FROZEN_FOOD_1x1_228x128_4_fff169ddd9.jpg,1kg,$4.19,$4.19 per kg
Market Fare Green Frozen Beans 1kg,https://www.aldi.com.au/fileadmin/_processed_/f/0/csm_ALN2853_AWARDS_FROZEN_FOOD_1x1_228x128_5_ef2f28832d.jpg,1kg,$2.79,$2.79 per kg
Market Fare Broccoli 500g,https://www.aldi.com.au/fileadmin/_processed_/c/b/csm_ALN2853_AWARDS_FROZEN_FOOD_1x1_228x128_6_e7949ebbff.jpg,500g,$2.99,$5.98 per kg
Market Fare Frozen Spinach 250g,https://www.aldi.com.au/fileadmin/_processed_/a/d/csm_ALN2853_AWARDS_FROZEN_FOOD_1x1_228x128_7_112e57f343.jpg,250g,89,$3.56 per kg
Market Fare Winter Vegetables 1kg,https://www.aldi.com.au/fileadmin/_processed_/1/8/csm_ALN3354_Q2-WEB-AUDIT_1x1_228x128_23_fa84af8a9c.jpg,1kg,$4.19,$4.19 per kg
Market Fare Frozen Stir Fry Vegetables 850g,https://www.aldi.com.au/fileadmin/_processed_/d/3/csm_ALN2853_FROZEN_FOOD_1x1_228x128_2_87012b7979.jpg,850g,$4.29,$5.05 per kg
Market Fare Cauliflower Bake or Broccoli Bake 800g,https://www.aldi.com.au/fileadmin/_processed_/b/6/csm_ALN2853_AWARDS_FROZEN_FOOD_1x1_228x128_8_9167884696.jpg,ea,$6.99,$8.74 per kg
The Best Margherita Frozen Pizza Ever 365g,https://www.aldi.com.au/fileadmin/_processed_/f/5/csm_ALN2626_MARGHERITA_PIZZA_1x1_228x128_8650b67446.jpg,365g,$6.49,$1.78 per 100g
International Cuisine Beef Lasagne 2kg,https://www.aldi.com.au/fileadmin/_processed_/9/5/csm_ALN3708_Q4-WEB_NEW-1x1_228x128_14_cf2406d809.jpg,2kg,$11.99,60c per 100g
Orchard & Vine Frozen Blueberries 500g,https://www.aldi.com.au/fileadmin/_processed_/d/8/csm_ALN2364_FROZEN_FOOD_1x1_228x128_3_a59abf39c7.jpg,500g,$5.69,$11.38 per kg
Kennyâ€™s Frozen Dessert 475ml,https://www.aldi.com.au/fileadmin/_processed_/8/a/csm_ALN2853_FROZEN_FOOD_1x1_228x128_8_9f7343f381.jpg,475ml,$6.99,$1.47 per 100ml
Market Fare Potato Bake 800g,https://www.aldi.com.au/fileadmin/_processed_/6/b/csm_1002370-4_Q3_WEB_AUDIT_1x1_228x128_56_RET_d1b36f1371.png,800g,$6.99,$8.74 per kg
LACURA,https://www.aldi.com.au/fileadmin/_processed_/0/c/csm_1001137-1_ALN_Q2_WEB_AUDIT_1x1_228x128_2_7aa4086302.jpg,ea,$2.99,$3.99 per 100ml
LACURA,https://www.aldi.com.au/fileadmin/_processed_/e/0/csm_1000855_ALN-10_1x1_Q1_WEB-AUDIT_228x128_30_df0846b24d.jpg,ea,$2.99,$1.99 per 100g
Lacura Fine Balance Cleansing Wipes 30pk,https://www.aldi.com.au/fileadmin/_processed_/d/d/csm_1002179-1_Q2_WEB_AUDIT_1x1_228x128_4_RET_88c48cf961.png,30pk,$1.69,6c per wipe
Lacura Caring Cleansing Wipes 30pk,https://www.aldi.com.au/fileadmin/_processed_/4/8/csm_1002179-1_Q2_WEB_AUDIT_1x1_228x128_3_RET_45d3c3e097.png,30pk,$1.69,6c per wipe
Lacura Renew Cleansing Wipes 30pk,https://www.aldi.com.au/fileadmin/_processed_/6/3/csm_1002179-1_Q2_WEB_AUDIT_1x1_228x128_5_RET_842af55f55.png,30pk,$1.69,6c per wipe
LACURAÂ® Renew Expert Face Cream Day 50ml,https://www.aldi.com.au/fileadmin/_processed_/d/4/csm_ALN3510_Q3_BEAUTY_1x1_228x128_6_431c63de4b.jpg,50ml,$12.99,$25.98 per 100ml
LACURAÂ® Renew Expert Face Cream Night 50ml,https://www.aldi.com.au/fileadmin/_processed_/8/c/csm_ALN3510_Q3_BEAUTY_1x1_228x128_7_282f444e31.jpg,,$12.99,$25.98 per 100ml
LACURAÂ® Renew Expert Firming Eye Gel 15ml,https://www.aldi.com.au/fileadmin/_processed_/b/f/csm_ALN3510_Q3_BEAUTY_1x1_228x128_8_0425c3e696.jpg,15ml,$12.99,$86.60 per 100ml
LACURAÂ® Revive Intensive Serum Night Elixir 30ml,https://www.aldi.com.au/fileadmin/_processed_/1/5/csm_ALN3708_Q4-WEB_EXISTING_1x1_228x128_12_fc06bdcafb.jpg,30ml,$12.99,$43.30 per 100ml
LACURAÂ® Revive Intensive Serum Hyaluronic Gel 30ml,https://www.aldi.com.au/fileadmin/_processed_/e/8/csm_ALN3708_Q4-WEB_EXISTING_1x1_228x128_13_3169f97d81.jpg,30ml,$12.99,$43.30 per 100ml
LACURAÂ® Revive Intensive Serum Moisture Boost 15ml,https://www.aldi.com.au/fileadmin/_processed_/8/9/csm_ALN3708_Q4-WEB_EXISTING_1x1_228x128_14_1008381571.jpg,15ml,$12.99,$86.60 per 100ml
LACURA,https://www.aldi.com.au/fileadmin/_processed_/d/4/csm_ALN3510_Q3_BEAUTY_1x1_228x128_4_e7f0f53ae6.jpg,50ml,$11.99,$23.98 per 100ml
LACURA,https://www.aldi.com.au/fileadmin/_processed_/f/5/csm_ALN3510_Q3_BEAUTY_1x1_228x128_5_235b221d1b.jpg,,$11.99,$79.93 per 100ml
Lacura Revitalise Cleansing Wipes 30pk,https://www.aldi.com.au/fileadmin/_processed_/4/0/csm_1002179-1_Q2_WEB_AUDIT_1x1_228x128_6_RET_4c6dbbb191.png,30pk,$1.69,6c per wipe
LACURAÂ® Skin Science Revitalise Expert Face Care Day Cream 50ml,https://www.aldi.com.au/fileadmin/_processed_/c/d/csm_ALN3510_Q3_BEAUTY_1x1_228x128_3_7ede98a999.jpg,50ml,$12.99,$25.98 per 100ml
LACURAÂ® Skin Science Revitalise Expert Face Care Neck Firming Cream 50ml,https://www.aldi.com.au/fileadmin/_processed_/c/e/csm_ALN3510_Q3_BEAUTY_1x1_228x128_4_dc73157929.jpg,50ml,$12.99,$25.98 per 100ml
LACURAÂ® Skin Science Revitalise Expert Face Care Eye Cream 15ml,https://www.aldi.com.au/fileadmin/_processed_/5/4/csm_ALN3510_Q3_BEAUTY_1x1_228x128_5_cff514c5fd.jpg,15ml,$12.99,$86.60 per 100ml
LACURAÂ® Revitalising Foaming Face Wash Cleanser 150ml,https://www.aldi.com.au/fileadmin/_processed_/3/f/csm_1001349_ALN-1_1x1_Q3_WEB-AUDIT_228x128_35_3e8b17e523.jpg,ea,$3.99,$2.66 per 100ml
LACURA,https://www.aldi.com.au/fileadmin/_processed_/9/c/csm_1001349_ALN-1_1x1_Q3_WEB-AUDIT_228x128_36_a9c78644f4.jpg,150ml,$5.49,$3.66 per 100ml
LACURA,https://www.aldi.com.au/fileadmin/_processed_/3/d/csm_1001349_ALN-1_1x1_Q3_WEB-AUDIT_228x128_55_1b1786c150.jpg,150ml,$5.49,$3.66 per 100ml
LACURAÂ® Naturals Invigorating Facial Exfoliating Scrub 150ml,https://www.aldi.com.au/fileadmin/_processed_/0/d/csm_ALN3708_Q4-WEB_EXISTING_1x1_228x128_17_fdbceb9436.jpg,150ml,$5.49,$3.66 per 100ml
LACURA,https://www.aldi.com.au/fileadmin/_processed_/9/5/csm_ALN1075_SKIN_CARE_UPDATE_1x1_228x128_24_5c2b19ebbd.jpg,50ml,$8.99,$17.98 per 100ml
LACURA,https://www.aldi.com.au/fileadmin/_processed_/6/4/csm_ALN1075_SKIN_CARE_UPDATE_1x1_228x128_23_0f2c752a68.jpg,50ml,$8.99,$17.98 per 100ml
LACURAÂ® Naturals Premium Cleansing Makeup Wipes 25pk,https://www.aldi.com.au/fileadmin/_processed_/9/a/csm_ALN3708_Q4-WEB_NEW-1x1_228x128_7_f8890749fc.jpg,25pk,$2.99,12c each
PRINCE Anti-perspirant Roll-on Deodorant 75ml,https://www.aldi.com.au/fileadmin/_processed_/1/7/csm_1001137-1_ALN_Q2_WEB_AUDIT_1x1_228x128__ef69989225.jpg,ea,$2.99,$3.99 per 100ml
Prince Maximum 3 Blade Disposable Razors 8pk,https://www.aldi.com.au/fileadmin/_processed_/3/3/csm_1001605-10_1x1_Q4_WEB-AUDIT_BEAUTY_228x128_5_793113799a.jpg,,$4.79,60c per razor
Prince,https://www.aldi.com.au/fileadmin/_processed_/7/d/csm_1001829-5_Q1-WEB-AUDIT_BEAUTY_1x1_228x128_8_RET_e6f12c750e.png,ea,$4.29,43c per 100ml
Tricare Liquid Soap 250ml,https://www.aldi.com.au/fileadmin/_processed_/9/b/csm_1001829-5_Q1-WEB-AUDIT_BEAUTY_1x1_228x128_3_RET_df8d97e15d.png,ea,$1.99,80c per 100ml
Tricare Liquid Soap Refill 1L,https://www.aldi.com.au/fileadmin/_processed_/6/0/csm_1001829-5_Q1-WEB-AUDIT_BEAUTY_1x1_228x128_4_RET_99d56091c5.png,ea,$3.19,32c per 100ml
Juliet Soap Bar 5 Pack,https://www.aldi.com.au/fileadmin/_processed_/5/8/csm_1001829-5_Q1-WEB-AUDIT_BEAUTY_1x1_228x128_5_RET_4f85615729.png,ea,$3.49,70c per 100g
Juliet Assorted Body Shower Gel 1L,https://www.aldi.com.au/fileadmin/_processed_/c/d/csm_1001605-10_1x1_Q4_WEB-AUDIT_BEAUTY_228x128_1_21038d21fa.jpg,1L,$4.29,43c per 100ml
Juliet,https://www.aldi.com.au/fileadmin/_processed_/4/6/csm_1001829-5_Q1-WEB-AUDIT_BEAUTY_1x1_228x128_7_RET_e234bc88f6.png,ea,$2.39,48c per 100ml
Tricare,https://www.aldi.com.au/fileadmin/_processed_/4/a/csm_1001829-5_Q1-WEB-AUDIT_BEAUTY_1x1_228x128_6_RET_20c999955b.png,8pk,$4.29,54c per 100g
Deli Originals Baby Cucumbers 350g,https://www.aldi.com.au/fileadmin/_processed_/e/3/csm_1002781_REDUCTIONS_R14_01_1x1_701138a_RET_c800f17acd.jpg,350g,$1.99,$5.69 per kg
Blackstone Everything Bagel Flavoured Cashews 200g,https://www.aldi.com.au/fileadmin/_processed_/a/0/csm_1002729_LTO_B1_1x1_228x128_1_RET_aef1d282d4.png,200g,$4.49,$22.45 per kg
Tricare Antibacterial Foaming Hand Wash 250ml,https://www.aldi.com.au/fileadmin/_processed_/0/6/csm_1001605-10_1x1_Q4_WEB-AUDIT_BEAUTY_228x128_2_2758005c84.jpg,250ml,$2.49,$1.00 per 100ml
Tricare Foaming Hand Wash Refill 500ml,https://www.aldi.com.au/fileadmin/_processed_/4/1/csm_1001829-5_Q1-WEB-AUDIT_BEAUTY_1x1_228x128_2_RET_3408491a0f.png,500ml,$1.69,34c per 100ml
Natures Essence Organic Elements Shampoo or Conditioner 400ml,https://www.aldi.com.au/fileadmin/_processed_/5/a/csm_1002179-1_Q2_WEB_AUDIT_1x1_228x128_2_RET_8bdd94d41a.png,400ml,$2.99,75c per 100ml
Protane Hair Spray 400g,https://www.aldi.com.au/fileadmin/_processed_/a/8/csm_1001605-10_1x1_Q4_WEB-AUDIT_BEAUTY_228x128_7_b2594a8c2d.jpg,400g,$4.39,$1.10 per 100g
Ombra Sunscreen SPF50+ 100ml,https://www.aldi.com.au/fileadmin/_processed_/3/d/csm_1000855_ALN-10_1x1_Q1_WEB-AUDIT_228x128_27_2875091ef9.jpg,ea,$2.89,$2.89 per 100ml
Tricare Goatâ€™s Milk Soap 3 pack,https://www.aldi.com.au/fileadmin/_processed_/d/9/csm_1000855_ALN-10_1x1_Q1_WEB-AUDIT_228x128_26_fff5c3c06f.jpg,3pk,$3.99,$1.33 per 100g
Protane Argan Oil or Coconut Milk Shampoo 400ml,https://www.aldi.com.au/fileadmin/_processed_/6/d/csm_1001272_ALN_JULY-SSV__B1__1x1_228x128_24_93c0c70100.jpg,ea,$5.99,$1.50 per 100ml
Protane Argan Oil or Coconut Milk Conditioner 400ml,https://www.aldi.com.au/fileadmin/_processed_/f/f/csm_1001272_ALN_JULY-SSV__B1__1x1_228x128_25_aee06f1a01.jpg,ea,$5.99,$1.50 per 100ml
Verde Hand Wash 500ml,https://www.aldi.com.au/fileadmin/_processed_/7/8/csm_ALN3708_Q4-WEB_NEW-1x1_228x128_11_8f43279a7e.jpg,ea,$4.99,$1.00 per 100ml
Verde Hand Wash Refill 1L,https://www.aldi.com.au/fileadmin/_processed_/3/5/csm_ALN3708_Q4-WEB_NEW-1x1_228x128_12_c3bd52b061.jpg,ea,$8.49,85c per 100ml
Tricare Instant Hand Sanitiser 250ml,https://www.aldi.com.au/fileadmin/_processed_/3/6/csm_1002179-1_Q2_WEB_AUDIT_1x1_228x128_38_RET_7ad0b4f241.png,ea,$2.99,$1.20 per 100ml
Popdots Triple Choc Pop Dots 5pk/109g,https://www.aldi.com.au/fileadmin/_processed_/0/2/csm_1002781_REDUCTIONS_R16_01_1x1_714063a_RET_921b7848f5.jpg,5pk,$2.99,$2.74 per 100g
Sweet Vine Sweetened Dried Mango Slices 130g/170g,https://www.aldi.com.au/fileadmin/_processed_/0/d/csm_1002781_REDUCTIONS_R16_03_1x1_63334a_RET_5b13c9ed93.jpg,ea,$3.69,$28.38-$21.71 per kg
Confidence King Size with Shea Butter Toilet Tissue 3ply 6pk,https://www.aldi.com.au/fileadmin/_processed_/4/a/csm_1002781_REDUCTIONS_R16_05_1x1_708962a_RET_b377424c6f.jpg,6pk,$3.99,38c per 100 sheets
Specially Selected Grass Fed Angus Beef Sausages 500g,https://www.aldi.com.au/fileadmin/_processed_/1/6/csm_1002781_REDUCTIONS_R16_07_1x1_63530a_RET_be0bdcf1a6.jpg,500g,$7.49,$14.98 per kg
Berg Hot Dog Frankfurts 500g,https://www.aldi.com.au/fileadmin/_processed_/5/c/csm_1002781_REDUCTIONS_R16_09_1x1_46890a_RET_9dccb651ab.jpg,500g,$2.79,$5.58 per kg
Berg Cocktail Frankfurts 500g,https://www.aldi.com.au/fileadmin/_processed_/8/7/csm_1002781_REDUCTIONS_R16_11_1x1_46894a_RET_b16d4e6ee8.jpg,500g,$2.79,$5.58 per kg
Goldenvale Paleo Granola 300g,https://www.aldi.com.au/fileadmin/_processed_/d/b/csm_1002781_REDUCTIONS_R16_13_1x1_709366a_RET_625a84b0e6.jpg,300g,$6.79,$2.26 per 100g
Portview Tuna Chunks 185g,https://www.aldi.com.au/fileadmin/_processed_/b/3/csm_1002781_REDUCTIONS_R15_01_1x1_827249a_RET_b89da663a9.jpg,185g,$1.79,$10.76 per kg
Westacre Dairy Light Tasty Shredded Cheese 500g,https://www.aldi.com.au/fileadmin/_processed_/9/5/csm_1002781_REDUCTIONS_R15_04_1x1_709193a_RET_84e184d90a.jpg,500g,$6.49,$12.98 per kg
Inner Goodness Unsweetened Almond Milk Organic 1L,https://www.aldi.com.au/fileadmin/_processed_/a/9/csm_1002781_REDUCTIONS_R13_1x1_228x128_1_RET_1938099c1b.png,1L,$2.29,$2.29 per litre
Westacre Dairy Tasty Shredded Cheese 700g,https://www.aldi.com.au/fileadmin/_processed_/a/6/csm_1002781_REDUCTIONS_R13_1x1_228x128_2_RET_bdbd97c7b3.png,700g,$8.99,$12.84 per kg
Blackstone Korean BBQ Flavoured Cashews 200g,https://www.aldi.com.au/fileadmin/_processed_/6/b/csm_1002729_LTO_B1_1x1_228x128_2_RET_54ee3bdde9.png,200g,$4.49,$22.45 per kg
Forresters Sesame Cashews 400g,https://www.aldi.com.au/fileadmin/_processed_/2/a/csm_1002729_LTO_B1_1x1_228x128_3_RET_e36b4efd99.png,400g,$8.99,$22.48 per kg
Expressi Coffee Syrups 250ml,https://www.aldi.com.au/fileadmin/_processed_/3/5/csm_1002729_LTO_B1_1x1_228x128_5_RET_020b0e8084.png,ea,$3.29,$1.32 per 100ml
Lazzio Luxe Blend Beans 1kg,https://www.aldi.com.au/fileadmin/_processed_/a/0/csm_4823_5-LTO_1x1_228x128_2_RET_215ed591ab.png,1kg,$21.99,$21.99 per kg
Mama Ka'z Dessert Puddings Sticky Date or Apple Crumble 400g,https://www.aldi.com.au/fileadmin/_processed_/f/d/csm_1002729_LTO_B4_1x1_228x128_2_RET_b7105f4a35.png,ea,$5.99,$1.50 per 100g
World Kitchen Potato Gnocchi 500g,https://www.aldi.com.au/fileadmin/_processed_/2/3/csm_1002729_LTO_B4_1x1_228x128_3_RET_02c1413870.png,500g,$3.99,80c per 100g
World Kitchen Mushroom Risotto 350g,https://www.aldi.com.au/fileadmin/_processed_/5/4/csm_1002729_LTO_B4_1x1_228x128_4_RET_8fd7dff61c.png,350g,$6.99,$2.00 per 100g
World Kitchen Carbonara with Chicken and Bacon 350g,https://www.aldi.com.au/fileadmin/_processed_/a/1/csm_1002729_LTO_B4_1x1_228x128_5_RET_08f9454e23.png,350g,$7.99,$2.28 per 100g
World Kitchen Mediterranean Style Frittata 200g,https://www.aldi.com.au/fileadmin/_processed_/9/d/csm_1002729_LTO_B4_1x1_228x128_6_RET_70835b7611.png,200g,$4.69,$2.35 per 100g
World Kitchen Portuguese Style Chicken with Spicy Rice 350g,https://www.aldi.com.au/fileadmin/_processed_/4/5/csm_1002729_LTO_B2_1x1_228x128_1_RET_d32c523e61.png,350g,$7.99,$2.28 per 100g
Julius Gold Premium Dog Food Meaty Beef Loaf Style 100g,https://www.aldi.com.au/fileadmin/_processed_/7/6/csm_1002781_REDUCTIONS_R13_1x1_228x128_3_RET_02cfacad1f.png,100g,95,95c per 100g
Julius Gold Premium Dog Food Meaty Chicken Loaf Style 100g,https://www.aldi.com.au/fileadmin/_processed_/e/f/csm_1002781_REDUCTIONS_R13_1x1_228x128_4_RET_f20ab3864c.png,100g,95,95c per 100g
Julius Gold Premium Dog Food Meaty Lamb Loaf Style 100g,https://www.aldi.com.au/fileadmin/_processed_/6/8/csm_1002781_REDUCTIONS_R13_1x1_228x128_5_RET_95335a01b7.png,100g,95,95c per 100g
Julius Gold Premium Dog Food Meaty Kangaroo Loaf Style 100g,https://www.aldi.com.au/fileadmin/_processed_/6/2/csm_1002781_REDUCTIONS_R13_1x1_228x128_6_RET_82b6f9b86d.png,100g,95,95c per 100g
Julius Gold Premium Puppy Food 100g,https://www.aldi.com.au/fileadmin/_processed_/f/4/csm_1002781_REDUCTIONS_R13_1x1_228x128_7_RET_c7f0dbce70.png,100g,95,95c per 100g
World Kitchen Fresh Quiche 200g,https://www.aldi.com.au/fileadmin/_processed_/f/1/csm_1002781_REDUCTIONS_R13_1x1_228x128_8_RET_fb6ee8dd05.png,ea,$3.99,66c per 100g
Sana Incontinence Pads 14pk/12pk/10pk,https://www.aldi.com.au/fileadmin/_processed_/3/9/csm_1002781_REDUCTIONS_IMAGE-UPDATES_1x1_228x128_27_RET_48781e5dcf.png,ea,$2.59,19c/22c/26c per pad
New Season Red Kidney Beans 410g/420g,https://www.aldi.com.au/fileadmin/_processed_/0/1/csm_1002781_REDUCTIONS_R12_1x1_228x128_1_RET_270630edaf.png,410g/420g,95,$2.32/$2.26 per kg
New Season Lentils or Cannellini Beans 415g/420g,https://www.aldi.com.au/fileadmin/_processed_/2/6/csm_1002781_REDUCTIONS_R12_1x1_228x128_2_RET_d901612268.png,ea,95,$2.29/$2.26 per kg
New Season Chickpeas 420g,https://www.aldi.com.au/fileadmin/_processed_/d/5/csm_1002781_REDUCTIONS_R12_1x1_228x128_3_RET_28d7c56169.png,420g,95,$2.26 per kg
New Season 4 Bean Mix 420g,https://www.aldi.com.au/fileadmin/_processed_/6/4/csm_1002781_REDUCTIONS_R12_1x1_228x128_4_RET_83c729feff.png,420g,95,$2.26 per kg
New Season Corn Kernels 420g,https://www.aldi.com.au/fileadmin/_processed_/3/f/csm_1002781_REDUCTIONS_R12_1x1_228x128_5_RET_220c3f3c53.png,420g,95,$2.26 per kg
Emporium Selection Danish Blue Cheese 100g,https://www.aldi.com.au/fileadmin/_processed_/6/5/csm_1002729_LTO_B1_1x1_228x128_25_RET_f7cf1095b3.png,100g,$3.99,$39.90 per kg
Emporium Selection Double Cream Brie 200g,https://www.aldi.com.au/fileadmin/_processed_/4/8/csm_1002729_LTO_B1_1x1_228x128_26_RET_60fe5717d2.png,200g,$4.99,$24.95 per kg
World Kitchen Chicken Parmigiana with Roast Potatoes 350g,https://www.aldi.com.au/fileadmin/_processed_/7/3/csm_1002729_LTO_B1_1x1_228x128_29_RET_4006fe8385.png,350g,$7.99,$2.28 per 100g
World Kitchen Cheeseburger Spring Rolls 240g,https://www.aldi.com.au/fileadmin/_processed_/f/e/csm_1002729_LTO_B1_1x1_228x128_30_RET_50ec085a75.png,240g,$4.99,$2.08 per 100g
World Kitchen Mighty Meat Fully Loaded Pizza 700g,https://www.aldi.com.au/fileadmin/_processed_/1/3/csm_1002729_LTO_B1_1x1_228x128_31_RET_777076ec67.png,700g,$9.99,$1.43 per 100g
World Kitchen Korean Beef Dumplings 750g,https://www.aldi.com.au/fileadmin/_processed_/7/9/csm_1002729_LTO_B1_1x1_228x128_32_RET_9fdfd7b6d5.png,750g,$10.99,$1.47 per 100g
World Kitchen Cottage Pie 1.1kg,https://www.aldi.com.au/fileadmin/_processed_/4/7/csm_1002729_LTO_B1_1x1_228x128_33_RET_9a1a5d227f.png,1.1kg,$10.99,$1.00 per 100g
World Kitchen Beef Bolognese 800g,https://www.aldi.com.au/fileadmin/_processed_/e/8/csm_1002729_LTO_B1_1x1_228x128_35_RET_124cd71923.png,800g,$9.99,$1.25 per 100g
Emporium Selection Truffle Cheddar Cheese 150g,https://www.aldi.com.au/fileadmin/_processed_/4/8/csm_4823_5-LTO_1x1_228x128_1_RET_79d87ef560.png,150g,$5.99,$39.93 per kg
Sartori Cheddar Cheese with Red Wine 150g,https://www.aldi.com.au/fileadmin/_processed_/5/3/csm_702942_DE_Q_01_1x1_5273a659bf.png,150g,$6.99,$46.60 per kg
"Ready , Set...Cook! Pork Belly Twister per kg",https://www.aldi.com.au/fileadmin/_processed_/b/c/csm_1002729_LTO_B4_1x1_228x128_1_RET_c089ebbd10.png,per kg,$19.99,$19.99 per kg
"The Fishmonger Fresh Tasmanian Salmon Fillets Lemon, Basil & Dill 4pk/480g",https://www.aldi.com.au/fileadmin/_processed_/7/c/csm_1002729_LTO_B4_1x1_228x128_7_RET_1fc33b5d07.png,4pk,$19.99,$41.65 per kg
El Tora Black Beans 420g,https://www.aldi.com.au/fileadmin/_processed_/0/2/csm_1002781_REDUCTIONS_R12_1x1_228x128_6_RET_5b7c3da134.png,420g,95,$2.26 per kg
Remano Potato Gnocchi 500g,https://www.aldi.com.au/fileadmin/_processed_/3/e/csm_1002781_REDUCTIONS_R12_1x1_228x128_7_RET_3614e62e2f.png,ea,$2.99,60c per 100g
Ironbark Pork Pork Loin Steak per kg,https://www.aldi.com.au/fileadmin/_processed_/7/3/csm_1002781_REDUCTIONS_R11_1x1_228x128_1_RET_225309c355.png,per kg,$14.99,$14.99 per kg
Westacre Dairy Tasty Cheese Block 1kg,https://www.aldi.com.au/fileadmin/_processed_/4/9/csm_1002153_REDUCTIONS_R31_1x1_228x128_3_RET_ad2f6c8a15.png,1kg,$9.49,$9.95 per kg
Stonemill Spice Shakers 20g-60g,https://www.aldi.com.au/fileadmin/_processed_/d/7/csm_1002153_REDUCTIONS_R31_1x1_228x128_1_RET_96f102094a.png,ea,$1.69,85c - 28c per 10g
Stonemill Spice Shakers 15g-85g,https://www.aldi.com.au/fileadmin/_processed_/3/2/csm_1002781_REDUCTIONS_IMAGE-UPDATES_1x1_228x128_8_RET_84a65062b9.png,ea,$1.59,$1.06 - $0.19 per 10g
Sweet Valley Fruit Salad in Syrup 825g,https://www.aldi.com.au/fileadmin/_processed_/5/1/csm_1002781_REDUCTIONS_R09_1x1_228x128_1_RET_b4ffc3df0d.png,825g,$3.29,$3.99 per kg
The Cake Stall Banana Bread Slices 5pk/500g,https://www.aldi.com.au/fileadmin/_processed_/c/5/csm_1002781_REDUCTIONS_R08_1x1_228x128_1_RET_73d5a17699.png,5pk,$5.49,$1.10 per 100g
Brooklea Blueberry Yogurt No Added Sugar 110g,https://www.aldi.com.au/fileadmin/_processed_/2/2/csm_1002781_REDUCTIONS_R08_1x1_228x128_2_RET_710de7af44.png,110g,$1.29,$1.17 per 100g
Brooklea Raspberry Yogurt No Added Sugar 110g,https://www.aldi.com.au/fileadmin/_processed_/e/8/csm_1002781_REDUCTIONS_R08_1x1_228x128_3_RET_f4203b0fe0.png,110g,$1.29,$1.17 per 100g
Brooklea Strawberry Yogurt No Added Sugar 110g,https://www.aldi.com.au/fileadmin/_processed_/4/f/csm_1002781_REDUCTIONS_R08_1x1_228x128_4_RET_372f0c6e85.png,110g,$1.29,$1.17 per 100g
Brooklea Vanilla Yogurt No Added Sugar 110g,https://www.aldi.com.au/fileadmin/_processed_/d/0/csm_1002781_REDUCTIONS_R08_1x1_228x128_5_RET_6edf646473.png,110g,$1.29,$1.17 per 100g
The Fishmonger Crispy Coconut Prawns 200g,https://www.aldi.com.au/fileadmin/_processed_/5/2/csm_1002729_LTO_B3_1x1_228x128_1_RET-1_af31155217.png,200g,$5.99,$29.95 per kg
Berg Truffle Salami 100g,https://www.aldi.com.au/fileadmin/_processed_/e/7/csm_1002729_LTO_B1_1x1_228x128_34_RET_391169c387.png,100g,$4.99,$49.90 per kg
Urban Eats Japanese Style Chicken or Pork Gyoza 700g,https://www.aldi.com.au/fileadmin/_processed_/3/b/csm_1002729_LTO_B1_1x1_228x128_7_RET_d916460493.png,ea,$9.99,$1.43 per 100g
Kapiti Triple Chocolate Ice Cream 1L,https://www.aldi.com.au/fileadmin/_processed_/1/0/csm_1002729_LTO_B1_1x1_228x128_10_RET_2d8cbce04b.png,1L,$7.99,80c per 100ml
Kapiti Chocolate Hazelnut Mini 6pk/360ml,https://www.aldi.com.au/fileadmin/_processed_/d/2/csm_1002729_LTO_B1_1x1_228x128_11_RET_f75f3b75c6.png,6pk/360ml,$6.49,$1.80 per 100ml
"Indulge Gourmet Ice Cream Vanilla, Caramel & Choc Brownie 1L",https://www.aldi.com.au/fileadmin/_processed_/8/d/csm_1002729_LTO_B1_1x1_228x128_12_RET_c994da53da.png,1L,$5.99,60c per 100ml
Ocean Royale Gluten Free Fish Bites 350g,https://www.aldi.com.au/fileadmin/_processed_/a/4/csm_1002729_LTO_B1_1x1_228x128_13_RET_b0f7d5a378.png,350g,$6.99,$19.97 per kg
Ocean Royale Australian Raw Prawns Peeled Tail Off 500g,https://www.aldi.com.au/fileadmin/_processed_/8/9/csm_1002729_LTO_B1_1x1_228x128_14_RET_a36f8d3326.png,500g,$18.99,$37.98 per kg
Health & Vitality FIT Burrito Bowl or BBQ Beef 340g/360g,https://www.aldi.com.au/fileadmin/_processed_/9/b/csm_1002729_LTO_B1_1x1_228x128_15_RET_751bdeedff.png,ea,$6.99,$2.06/$1.94 per 100g
Health & Vitality Thai Style Red Chicken Curry 350g,https://www.aldi.com.au/fileadmin/_processed_/e/4/csm_1002729_LTO_B1_1x1_228x128_16_RET_acd32e4b90.png,350g,$4.49,$1.28 per 100g
Farmwood Chicken Dippers 1kg,https://www.aldi.com.au/fileadmin/_processed_/d/2/csm_1002729_LTO_B1_1x1_228x128_17_RET_13c8d81a8a.png,1kg,$9.99,$9.99 per kg
Seasons Pride Potato Pommes 350g,https://www.aldi.com.au/fileadmin/_processed_/d/0/csm_1002729_LTO_B1_1x1_228x128_18_RET_3f1705ea00.png,350g,$3.49,$9.97 per kg
Seasons Pride Hash Brown Stars 510g,https://www.aldi.com.au/fileadmin/_processed_/7/6/csm_1002729_LTO_B1_1x1_228x128_19_RET_e62d38af88.png,510g,$3.99,$7.82 per kg
Pure Vita Canola Oil 2L,https://www.aldi.com.au/fileadmin/_processed_/f/c/csm_1002781_REDUCTIONS_R07_1x1_228x128_RET_94687ddb80.png,2L,$6.69,34c per 100ml
Farmdale Full Cream Milk Powder 1kg,https://www.aldi.com.au/fileadmin/_processed_/b/5/csm_1002781_REDUCTIONS_R05_1x1_228x128_1_RET_39d2ae6a99.png,1kg,$8.49,85c per 100g
Bakers Life Mini White or Wholegrain Wraps 8pk/360g,https://www.aldi.com.au/fileadmin/_processed_/6/f/csm_1002781_REDUCTIONS_R06_1x1_228x128_1_RET_c0641e0927.png,ea,$2.19,61c per 100g
Season's Pride Potato Gratin 400g,https://www.aldi.com.au/fileadmin/_processed_/d/1/csm_1002781_REDUCTIONS_R03_1x1_228x128_1_RET_R_9b978257d8.png,400g,$4.49,$11.23 per kg
Season's Pride Spinach & Ricotta Gratin 400g,https://www.aldi.com.au/fileadmin/_processed_/6/2/csm_1002781_REDUCTIONS_R03_1x1_228x128_2_RET_c71fa980d9.png,400g,$4.49,$11.23 per kg
Health & Vitality Shepherdâ€™s Pie or Tuna Mornay 400g,https://www.aldi.com.au/fileadmin/_processed_/a/4/csm_1002781_REDUCTIONS_R10_1x1_228x128_1_73c06c337b.png,ea,$4.49,$1.12 per 100g
Health & Vitality Chilli Con Carne 350g,https://www.aldi.com.au/fileadmin/_processed_/4/2/csm_1002781_REDUCTIONS_R10_1x1_228x128_2_bf057bec79.png,350g,$4.49,$1.28 per 100g
Hydale Corned Beef 340g,https://www.aldi.com.au/fileadmin/_processed_/a/a/csm_1002781_REDUCTIONS_R10_1x1_228x128_4_122760b740.png,340g,$2.99,$8.79 per kg
Bakers Life Large White or Wholegrain Wraps 8pk/560g,https://www.aldi.com.au/fileadmin/_processed_/7/c/csm_1002781_REDUCTIONS_R10_1x1_228x128_6_24fe6d59f5.png,ea,$3.29,59c per 100g
Pure Vita Blended Vegetable Oil 2L,https://www.aldi.com.au/fileadmin/_processed_/8/7/csm_1002781_REDUCTIONS_R10_1x1_228x128_5_9271a4ec5d.png,2L,$6.69,34c per 100ml
Seasons Pride Potato Hearts 500g,https://www.aldi.com.au/fileadmin/_processed_/8/0/csm_1002729_LTO_B1_1x1_228x128_20_RET_4886b0c1ed.png,500g,$2.49,$4.98 per kg
Urban Eats Sweet Corn Fritters 240g,https://www.aldi.com.au/fileadmin/_processed_/a/7/csm_1002729_LTO_B1_1x1_228x128_21_RET_a461394f29.png,240g,$3.99,$16.63 per kg
Papa Giuseppi's Cheese Pizza Pies 2pk/310g,https://www.aldi.com.au/fileadmin/_processed_/0/7/csm_1002729_LTO_B1_1x1_228x128_22_RET_54bbce7807.png,2pk/310g,$4.99,$1.61 per 100g
Orchard & Vine Smoothie Mix 450g,https://www.aldi.com.au/fileadmin/_processed_/9/e/csm_1002729_LTO_B1_1x1_228x128_23_RET_edc488b028.png,ea,$5.99,$13.31 per kg
International Cuisine Cheese & Bacon Mini Pizza 4pk/400g,https://www.aldi.com.au/fileadmin/_processed_/3/2/csm_1002729_LTO_B1_1x1_228x128_24_RET_5bd0989ca9.png,4pk/400g,$5.49,$1.37 per 100g
Urban Eats Cauliflower Buffalo Wings 320g,https://www.aldi.com.au/fileadmin/_processed_/c/c/csm_704495_DE_Q_01_1x1_4a25534df9.png,320g,$3.99,$12.47 per kg
Health & Vitality Chicken & Cashew or Chicken Carbonara 280g/300g,https://www.aldi.com.au/fileadmin/_processed_/2/c/csm_1002781_REDUCTIONS_R04_1x1_228x128_1_RET_821e5115c1.png,ea,$4.49,$1.60/$1.50 per 100g
Health & Vitality Green Chicken Curry 320g,https://www.aldi.com.au/fileadmin/_processed_/f/a/csm_1002781_REDUCTIONS_R04_1x1_228x128_2_RET_947ea05461.png,320g,$4.49,$1.40 per 100g
Health & Vitality Chicken Risotto or Chicken Pasta 350g/370g,https://www.aldi.com.au/fileadmin/_processed_/4/f/csm_1002781_REDUCTIONS_R04_1x1_228x128_3_RET_3724070a40.png,ea,$4.49,$1.28/$1.21 per 100g
Health & Vitality Beef Stroganoff or Lamb Hot Pot 280g/290g,https://www.aldi.com.au/fileadmin/_processed_/5/5/csm_1002781_REDUCTIONS_R04_1x1_228x128_4_RET_97b4b20669.png,ea,$4.49,$1.60/$1.55 per 100g
Goldenvale Bran & Sultanas 580g,https://www.aldi.com.au/fileadmin/_processed_/4/6/csm_1002781_REDUCTIONS_R02_1x1_228x128_1_RET_91870e81f3.png,580g,$3.99,69c per 100g
Fancy Feast Cat Food Multipack 510g,https://www.aldi.com.au/fileadmin/_processed_/3/5/csm_1002781_REDUCTIONS_IMAGE-UPDATES_1x1_228x128_12_RET_3cbbc219f4.png,510g,$7.49,$1.47 per 100g
Supercoat Dry Dog Food 6kg,https://www.aldi.com.au/fileadmin/_processed_/a/1/csm_1002153_REDUCTIONS_R46_1x1_228x128_4_RET_f60abc932d.png,6kg,$24.99,42c per 100g
Brooklea Chocolate Flavoured Custard Pouch 70g,https://www.aldi.com.au/fileadmin/_processed_/4/f/csm_1002781_REDUCTIONS_R01_1x1_228x128_1_RET_f721065dea.png,70g,$1.49,$2.13 per 100g
Brooklea Vanilla Flavoured Custard Pouch 70g,https://www.aldi.com.au/fileadmin/_processed_/6/a/csm_1002781_REDUCTIONS_R01_1x1_228x128_2_RET_1633a35b3f.png,70g,$1.49,$2.13 per 100g
So Femme Ultra Thin Pads 14pk/12pk/10pk,https://www.aldi.com.au/fileadmin/_processed_/4/7/csm_1002153_REDUCTIONS_R59_1x1_228x128_1_RET_b6ebc9136d.png,ea,$1.79,13c/15c/18c per pad
So Femme Boxed Liners 48pk/30pk,https://www.aldi.com.au/fileadmin/_processed_/7/5/csm_1002153_REDUCTIONS_R59_1x1_228x128_2_RET_812ed1675d.png,ea,$1.89,4c-6c per liner
Emporium Selection Swiss Cheese Slices 200g,https://www.aldi.com.au/fileadmin/_processed_/d/0/csm_1002153_REDUCTIONS_R58_1x1_228x128_6_RET_bb4c41e9a2.png,200g,$4.49,$22.45 per kg
San-I-Pet Cat Litter Crystals 2kg,https://www.aldi.com.au/fileadmin/_processed_/b/7/csm_1002153_REDUCTIONS_R58_1x1_228x128_1_RET_482ee24545.png,2kg,$9.69,$4.85 per kg
Emporium Selection Camembert Cheese 125g,https://www.aldi.com.au/fileadmin/_processed_/8/4/csm_1002153_REDUCTIONS_R58_1x1_228x128_4_RET_24ea9b6810.png,125g,$2.49,$19.92 per kg
Emporium Selection Brie Cheese 125g,https://www.aldi.com.au/fileadmin/_processed_/5/b/csm_1002153_REDUCTIONS_R58_1x1_228x128_3_RET_9f06774157.png,125g,$2.49,$19.92 per kg
Essential Health Vitamins Glucosamine 60pk,https://www.aldi.com.au/fileadmin/_processed_/8/1/csm_1002153_REDUCTIONS_R58_1x1_228x128_5_RET_6d6a1e02bc.png,60pk,$7.99,13c per tablet
Emporium Selection Gouda Cheese Portion 265g,https://www.aldi.com.au/fileadmin/_processed_/d/7/csm_1002153_REDUCTIONS_R57_1x1_228x128_1_RET_cc6810ab1d.png,265g,$4.99,$18.83 per kg
Emporium Selection Maasdam Cheese Portion 260g,https://www.aldi.com.au/fileadmin/_processed_/3/4/csm_1002781_REDUCTIONS_IMAGE-UPDATES_1x1_228x128_18_RET_a0285542da.png,260g,$4.99,$19.19 per kg
Emporium Selection Edam Cheese Portion 230g,https://www.aldi.com.au/fileadmin/_processed_/0/7/csm_1002781_REDUCTIONS_IMAGE-UPDATES_1x1_228x128_19_RET_9e5ccf1992.png,230g,$4.99,$21.70 per kg
Emporium Selection Butterkase Cheese Slices 200g,https://www.aldi.com.au/fileadmin/_processed_/f/b/csm_1002781_REDUCTIONS_IMAGE-UPDATES_1x1_228x128_20_RET_0278dee7d0.png,200g,$4.49,$22.45 per kg
Emporium Selection Havarti Cheese Slices 200g,https://www.aldi.com.au/fileadmin/_processed_/8/4/csm_1002781_REDUCTIONS_IMAGE-UPDATES_1x1_228x128_22_RET_c1dcb0d68b.png,200g,$4.49,$22.45 per kg
Emporium Selection Gouda Cheese Slices 200g,https://www.aldi.com.au/fileadmin/_processed_/f/1/csm_1002781_REDUCTIONS_IMAGE-UPDATES_1x1_228x128_23_RET_2be24f9391.png,200g,$4.49,$22.45 per kg
Emporium Selection Edam Cheese Slices 200g,https://www.aldi.com.au/fileadmin/_processed_/f/c/csm_1002781_REDUCTIONS_IMAGE-UPDATES_1x1_228x128_24_RET_ea50090941.png,200g,$4.49,$22.45 per kg
Emporium Selection Maasdam Cheese Slices 200g,https://www.aldi.com.au/fileadmin/_processed_/b/3/csm_1002781_REDUCTIONS_IMAGE-UPDATES_1x1_228x128_25_RET_7f7cc33e09.png,200g,$4.49,$22.45 per kg
Emporium Selection Goat's Cheese Slices 150g,https://www.aldi.com.au/fileadmin/_processed_/d/8/csm_1002781_REDUCTIONS_IMAGE-UPDATES_1x1_228x128_26_RET_1e8a2b3bec.png,150g,$4.49,$29.93 per kg
Berg Short Cut Bacon 200g,https://www.aldi.com.au/fileadmin/_processed_/5/e/csm_1002153_REDUCTIONS_R56_1x1_228x128_2_RET_04963f388a.png,200g,$4.39,$21.95 per kg
Oh So Natural Pine Nuts 100g,https://www.aldi.com.au/fileadmin/_processed_/3/b/csm_1002153_REDUCTIONS_R55_1x1_228x128_1_RET_f36c8dc0fd.png,100g,$4.69,$46.90 per kg
"Ready, Setâ€¦Cook! Crumbed Pork Schnitzel 500g",https://www.aldi.com.au/fileadmin/_processed_/2/b/csm_1002153_REDUCTIONS_R56_1x1_228x128_3_RET_e2fcff5a32.png,500g,$9.49,$18.98 per kg
Stonemill Black Pepper Grinder 50g,https://www.aldi.com.au/fileadmin/_processed_/a/6/csm_1002153_REDUCTIONS_R52_1x1_228x128_1_RET_bc1b52c595.png,50g,$3.19,64c per 10 g
Stonemill Iodised Sea Salt Grinder 110g,https://www.aldi.com.au/fileadmin/_processed_/4/4/csm_1002153_REDUCTIONS_R52_1x1_228x128_2_RET_e9b431b851.png,110g,$3.19,29c per 10 g
Westacre Dairy Shredded Parmesan Cheese 250g,https://www.aldi.com.au/fileadmin/_processed_/e/6/csm_1002153_REDUCTIONS_R51_1x1_228x128_1_RET_1ba128e316.png,250g,$5.49,$21.96 per kg
Westacre Dairy Light Tasty Cheese Slices 500g,https://www.aldi.com.au/fileadmin/_processed_/4/6/csm_1002781_REDUCTIONS_IMAGE-UPDATES_1x1_228x128_17_RET_cb5a211d75.png,500g,$7.99,$15.98 per kg
Westacre Dairy Colby Cheese Slices 500g,https://www.aldi.com.au/fileadmin/_processed_/b/4/csm_1002153_REDUCTIONS_R49_1x1_228x128_1_RET_fa59ccb9cf.png,500g,$7.99,$15.98 per kg
Westacre Dairy Tasty Cheese Slices 500g,https://www.aldi.com.au/fileadmin/_processed_/2/6/csm_1002153_REDUCTIONS_R49_1x1_228x128_2_RET_afddf90c88.png,500g,$7.99,$15.98 per kg
Dentitex Mouthwash 1L,https://www.aldi.com.au/fileadmin/_processed_/e/7/csm_1002153_REDUCTIONS_R49_1x1_228x128_3_RET_64ec43caef.png,ea,$3.39,34c per 100ml
Dentitex Mouthwash 500ml,https://www.aldi.com.au/fileadmin/_processed_/c/4/csm_1002153_REDUCTIONS_R49_1x1_228x128_4_RET_R_c1f16637e8.png,500ml,$3.99,80c per 100ml
Moccona Classic Coffee 150g,https://www.aldi.com.au/fileadmin/_processed_/f/0/csm_1002153_REDUCTIONS_R49_1x1_228x128_5_RET_f147eedf0d.png,150g,$11.39,$7.59 per 100g
Westacre Cream Cheese Spreadable 250g,https://www.aldi.com.au/fileadmin/_processed_/b/a/csm_1002153_REDUCTIONS_R48_1x1_228x128_1_RET_ecf4fca176.png,250g,$2.69,$10.76 per kg
Jindurra Station Beef Porterhouse Steak per kg,https://www.aldi.com.au/fileadmin/_processed_/4/4/csm_1002153_REDUCTIONS_R47_1x1_228x128_2_RET_864d968b7b.png,per kg,$21.99,$21.99 per kg
Farmdale Lactose Free UHT Milk 1L,https://www.aldi.com.au/fileadmin/_processed_/9/8/csm_1002781_REDUCTIONS_IMAGE-UPDATES_1x1_228x128_16_RET_9e9001db9c.png,1L,$1.59,$1.59 per litre
The Tudor Central Victorian Shiraz 750ml,https://www.aldi.com.au/fileadmin/_processed_/1/d/csm_1002153_REDUCTIONS_R45_1x1_228x128_1_RET_9bc25ae015.png,750ml,$11.99,
Streets Blue Ribbon Vanilla 2L,https://www.aldi.com.au/fileadmin/_processed_/5/9/csm_1002153_REDUCTIONS_R45_1x1_228x128_2_RET_67e7b195bb.png,2L,$6.49,33c per 100ml
Rexona Anti Perspirant Roll On Deodorant 45ml,https://www.aldi.com.au/fileadmin/_processed_/b/b/csm_1002153_REDUCTIONS_R46_1x1_228x128_1_RET_5c8de3b32e.png,45ml,$2.99,$6.64 per 100ml
Dove Anti Perspirant Roll On Deodorant 45ml,https://www.aldi.com.au/fileadmin/_processed_/0/a/csm_1002153_REDUCTIONS_R46_1x1_228x128_2_RET_4ce1f855e1.png,45ml,$2.99,$6.64 per 100ml
Oh So Natural Organic Extra Virgin Coconut Oil 300g,https://www.aldi.com.au/fileadmin/_processed_/5/6/csm_1002781_REDUCTIONS_IMAGE-UPDATES_1x1_228x128_13_RET_e617012952.png,300g,$4.19,$1.40 per 100g
Moser Roth Organic Single Origin Chocolate 100g,https://www.aldi.com.au/fileadmin/_processed_/4/a/csm_1002781_REDUCTIONS_IMAGE-UPDATES_1x1_228x128_14_RET_09f5e3981d.png,100g,$2.49,$2.49 per 100g
Mamia Embossed Baby Wipes 80pk,https://www.aldi.com.au/fileadmin/_processed_/9/5/csm_1002153_REDUCTIONS_R43_1x1_228x128_2_RET_4cdf2d5d9b.png,80pk,$2.49,$3.11 per 100 wipes
Sunrice Rice Cakes Sour Cream & Chives 160g,https://www.aldi.com.au/fileadmin/_processed_/e/4/csm_1002153_REDUCTIONS_R43_1x1_228x128_3_RET_c5d35b8ae7.png,160g,$2.39,$1.49 per 100g
Forresters Dry Roasted Mixed Nuts 400g,https://www.aldi.com.au/fileadmin/_processed_/4/a/csm_1002153_REDUCTIONS_R43_1x1_228x128_1_RET_a584c1cddb.png,400g,$8.49,$21.23 per kg
Ocean Royale Wild Raw Peeled Prawns 500g,https://www.aldi.com.au/fileadmin/_processed_/1/1/csm_1002153_REDUCTIONS_R42_1x1_228x128_1_RET_9a7ec73617.png,500g,$15.99,$31.98 per kg
Westacre Dairy Tasty Cheese Shredded 250g,https://www.aldi.com.au/fileadmin/_processed_/b/1/csm_1002153_REDUCTIONS_R41_1x1_228x128_1_RET_91196d5a99.png,250g,$4.99,$19.96 per kg
Farmwood Chicken Wing Nibbles 1kg,https://www.aldi.com.au/fileadmin/_processed_/b/2/csm_1002781_REDUCTIONS_IMAGE-UPDATES_1x1_228x128_11_RET_816593a03b.png,1kg,$9.69,$9.69 per kg
Bakers Life Croissants 3pk/168g,https://www.aldi.com.au/fileadmin/_processed_/e/c/csm_1002153_REDUCTIONS_R38_1x1_228x128_1_RET_5cce6744af.png,3pk,$1.99,66c per ea
Farmwood Chicken Breast Chips 1kg,https://www.aldi.com.au/fileadmin/_processed_/a/5/csm_1002153_REDUCTIONS_R39_1x1_228x128_2_RET_551d3c732c.png,1kg,$9.69,$9.69 per kg
Farmdale Lactose Free Low Fat UHT Milk 1L,https://www.aldi.com.au/fileadmin/_processed_/5/6/csm_1002781_REDUCTIONS_IMAGE-UPDATES_1x1_228x128_15_RET_58f881bc95.png,1L,$1.59,$1.59 per litre
The Cake Stall Mini Muffins 8pk/320g,https://www.aldi.com.au/fileadmin/_processed_/4/1/csm_1002781_REDUCTIONS_IMAGE-UPDATES_1x1_228x128_7_RET_32be3f9cb1.jpg,8pk/320g,$4.29,$1.34 per 100g
Whitworths Finest Golden Apricots 250g,https://www.aldi.com.au/fileadmin/_processed_/3/b/csm_1002781_REDUCTIONS_IMAGE-UPDATES_1x1_228x128_10_RET_32cec4fd37.png,250g,$2.99,$11.96 per kg
Atlas Kill & Protect Flying Insect Spray 300g,https://www.aldi.com.au/fileadmin/_processed_/0/4/csm_1002153_REDUCTIONS_R36_1x1_228x128_1_RET_88fd81544a.png,300g,$2.59,86c per 100g
Atlas Kill & Protect Crawling Insect Spray 350g,https://www.aldi.com.au/fileadmin/_processed_/7/b/csm_1002153_REDUCTIONS_R36_1x1_228x128_2_RET_6e2e586ccb.png,350g,$2.99,85c per 100g
Atlas Multi Insect Spray 350g,https://www.aldi.com.au/fileadmin/_processed_/8/4/csm_1002153_REDUCTIONS_R36_1x1_228x128_3_RET_e5690aed68.png,350g,$3.49,$1.00 per 100g
Power Force Active 5 Ball 35g,https://www.aldi.com.au/fileadmin/_processed_/4/5/csm_1002153_REDUCTIONS_R37_1x1_228x128_2_RET_711e69050d.png,35g,$2.99,$8.54 per 100g
Mamia Baby Wipes 80pk Fragrance Free,https://www.aldi.com.au/fileadmin/_processed_/b/e/csm_1002153_REDUCTIONS_R37_1x1_228x128_3_RET_3283deacc4.png,80pk,$1.89,$2.36 per 100 wipes
Mamia Baby Wipes 80pk Scented,https://www.aldi.com.au/fileadmin/_processed_/1/9/csm_1002153_REDUCTIONS_R37_1x1_228x128_4_RET_9bd0cd2b84.png,80pk,$1.89,$2.36 per 100 wipes
Mamia Baby Wipes 480pk Fragrance Free,https://www.aldi.com.au/fileadmin/_processed_/e/5/csm_1002153_REDUCTIONS_R37_1x1_228x128_5_RET_983caf18a9.png,480pk,$10.49,$2.19 per 100 wipes
Ocean Royale Southern Blue Whiting Fillets Skin On 1kg,https://www.aldi.com.au/fileadmin/_processed_/3/3/csm_1002153_REDUCTIONS_R32_1x1_228x128_1_RET_7e0786f063.png,1kg,$10.99,25c per 100g
Stonemill Spice Shakers 4g-30g,https://www.aldi.com.au/fileadmin/_processed_/8/3/csm_1002153_REDUCTIONS_R31_1x1_228x128_2_RET_36d7007e98.png,4g-30g,$2.39,$5.98 - $0.80 per 10g
World Kitchen Fresh Noodles 450g,https://www.aldi.com.au/fileadmin/_processed_/8/1/csm_1002153_REDUCTIONS_R30_1x1_228x128_1_RET_d731254d25.png,450g,$1.99,44c per 100g
Sweet Vine Sweetened Dried Cranberries 170g,https://www.aldi.com.au/fileadmin/_processed_/d/a/csm_1002153_REDUCTIONS_R30_1x1_228x128_3_RET_563d7370ac.png,170g,$1.95,$11.47 per kg
Westacre Dairy Light Wrapped Cheese Slices 432g,https://www.aldi.com.au/fileadmin/_processed_/d/5/csm_1002781_REDUCTIONS_IMAGE-UPDATES_1x1_228x128_5_RET_18807621b4.png,432g,$3.99,$9.24 per kg
Westacre Dairy Wrapped Cheese Slices 432g,https://www.aldi.com.au/fileadmin/_processed_/1/7/csm_1002781_REDUCTIONS_IMAGE-UPDATES_1x1_228x128_6_RET_0dc9c190d1.png,432g,$3.99,$9.24 per kg
Deli Originals Fresh Mixed Olives 120g,https://www.aldi.com.au/fileadmin/_processed_/5/3/csm_1002781_REDUCTIONS_IMAGE-UPDATES_1x1_228x128_4_RET_5a48976ecd.png,120g,$2.99,$2.49 per 100g
Pure Vita Sunflower Oil 1L,https://www.aldi.com.au/fileadmin/_processed_/3/e/csm_1002153_REDUCTIONS_R26_1x1_228x128_2_RET_d9c7ce8310.png,1L,$4.49,45c per 100ml
Belmont Biscuit Co. Just Divine 200g,https://www.aldi.com.au/fileadmin/_processed_/2/5/csm_1002153_REDUCTIONS_R26_1x1_228x128_3_RET_8d30527e2f.png,200g,$2.09,$1.05 per 100g
Deli Originals Fresh Antipasto 120g,https://www.aldi.com.au/fileadmin/_processed_/d/d/csm_1002153_REDUCTIONS_R25_1x1_228x128_2_RET_073b5ddd12.png,120g,$2.99,$2.49 per 100g
Market Fare Baby Peas 1kg,https://www.aldi.com.au/fileadmin/_processed_/1/8/csm_1002153_REDUCTIONS_R24_1x1_228x128_1_RET_3682c89f3b.png,1kg,$4.49,$4.49 per kg
World Kitchen Pasta Sauces 425g,https://www.aldi.com.au/fileadmin/_processed_/7/f/csm_1002153_REDUCTIONS_R22_1x1_228x128_5_RET_8162de37da.png,425g,$3.79,89c per 100g
Earth Grown Firm Tofu 450g,https://www.aldi.com.au/fileadmin/_processed_/3/3/csm_1002153_REDUCTIONS_R22_1x1_228x128_6_RET_11def50d60.png,450g,$2.79,62c per 100g
Choceur Chocolate Bits 250g,https://www.aldi.com.au/fileadmin/_processed_/2/0/csm_1002781_REDUCTIONS_IMAGE-UPDATES_1x1_228x128_1_RET_366179ce3f.png,250g,$2.79,$1.12 per 100g
Tricare Instant Hand Sanitiser 250ml,https://www.aldi.com.au/fileadmin/_processed_/6/a/csm_1002781_REDUCTIONS_IMAGE-UPDATES_1x1_228x128_2_RET_d3c204c2c1.png,250ml,$2.99,$1.20 per 100ml
Tricare Foaming Hand Wash Refill 500ml,https://www.aldi.com.au/fileadmin/_processed_/0/3/csm_1002153_REDUCTIONS_R19_1x1_228x128_1_RET_119615b88f.png,ea,$1.69,34c per 100ml
White Mill Vanilla Extract 100ml,https://www.aldi.com.au/fileadmin/_processed_/3/f/csm_1002153_REDUCTIONS_R19_1x1_228x128_2_RET_74745ab404.png,100ml,$4.99,50c per 10ml
Deli Originals Greek Style Dolmades 280g,https://www.aldi.com.au/fileadmin/_processed_/0/5/csm_1002153_REDUCTIONS_R18_1x1_228x128_2_RET_7a7668acab.png,280g,$3.29,$11.75 per kg
The Fresh Salad Co Baby Spinach & Rocket 120g,https://www.aldi.com.au/fileadmin/_processed_/9/e/csm_1002153_REDUCTIONS_R16_1x1_228x128_1_RET_7428aebcfe.png,120g,$1.99,$16.58 per kg
The Fresh Salad Co Rocket 120g,https://www.aldi.com.au/fileadmin/_processed_/6/e/csm_1002153_REDUCTIONS_R16_1x1_228x128_2_RET_e7c29af735.png,120g,$1.99,$16.58 per kg
The Fresh Salad Co Superleaf Salad Mix 120g,https://www.aldi.com.au/fileadmin/_processed_/3/8/csm_1002153_REDUCTIONS_R16_1x1_228x128_3_RET_759486b254.png,120g,$1.99,$16.58 per kg
The Fresh Salad Co Baby Leaf Blend 300g,https://www.aldi.com.au/fileadmin/_processed_/8/9/csm_1002153_REDUCTIONS_R16_1x1_228x128_4_RET_2f0aeb0142.png,300g,$3.99,$13.30 per kg
White Mill Cornflour 500g,https://www.aldi.com.au/fileadmin/_processed_/0/a/csm_1002153_REDUCTIONS_R16_1x1_228x128_5_RET_eea9d260ed.jpg,500g,$2.19,$4.38 ker pg
The Fresh Salad Co Baby Spinach 120g,https://www.aldi.com.au/fileadmin/_processed_/4/3/csm_1000341-15_REDUCTIONS_FUTURE-PRICE-_RND15__1x1_228x128_1_RET_3c9bfdc8aa.png,120g,$1.99,$16.58 per kg
The Fresh Salad Co Baby Spinach 280g,https://www.aldi.com.au/fileadmin/_processed_/1/4/csm_1000341-15_REDUCTIONS_FUTURE-PRICE-_RND15__1x1_228x128_2_RET_625c52fc38.png,280g,$3.99,$14.25 per kg
Jindurra Station Gravy Beef per kg,https://www.aldi.com.au/fileadmin/_processed_/6/1/csm_1000341-14_REDUCTIONS_FUTURE-PRICE-_RND14__1x1_228x128_2_af306a9d9c.png,per kg,$16.99,$16.99 per kg
Farmwood Chicken Breast T-Rex Bites 1kg,https://www.aldi.com.au/fileadmin/_processed_/c/2/csm_1000341-12_REDUCTIONS_FUTURE-PRICE-_RND12__1x1_228x128_2_RET_78343ebb80.png,1kg,$8.99,$8.99 per kg