"key","Packagesize","Price","Price_per_unit","Product_image","Product_title"
"","per kg","$13.99","$13.99 per kg","https://www.aldi.com.au/fileadmin/_processed_/f/a/csm_1324_SSV_MEAT_1x1_1_RET_9fed471326.png","KR Castlemaine Cantonese Pork Shoudler per kg"
"","per kg","$19.99","$19.99 per kg","https://www.aldi.com.au/fileadmin/_processed_/2/6/csm_1324_SSV_MEAT_1x1_2_RET_f23523ab45.png","Ready, Setâ€¦Cook! Slow Cooked Lamb Shoulder per kg"
"","500g","$19.99","$39.98 per kg","https://www.aldi.com.au/fileadmin/_processed_/d/6/csm_1324_SSV_MEAT_1x1_3_RET_264d50b12d.png","The Fishmonger Smoked Salmon 500g"
"","per kg","$27.99","$27.99 per kg","https://www.aldi.com.au/fileadmin/_processed_/c/f/csm_1324_SSV_MEAT_1x1_4_RET_24d068b382.png","The Fishmonger Fresh Australian Black Tiger Prawns 1kg"
"","per kg","$14.99","$14.99 per kg","https://www.aldi.com.au/fileadmin/_processed_/6/8/csm_1002921_MARCH_SSV_B2_1x1_228x128_1_RET_14d8b710bc.png","Ironbark Pork Pork Ribs per kg"
"","null","$17.99","$35.98 per kg","https://www.aldi.com.au/fileadmin/_processed_/3/2/csm_1002921_MARCH_SSV_B2_1x1_228x128_2_RET_509a0757f4.png","The Fishmonger Fresh Salmon Fillets Lemon & Herb Crumb 4pk/500g"
"","100g","95","95c per 100g","https://www.aldi.com.au/fileadmin/_processed_/7/6/csm_1002781_REDUCTIONS_R13_1x1_228x128_3_RET_02cfacad1f.png","Julius Gold Premium Dog Food Meaty Beef Loaf Style 100g"
"","100g","95","95c per 100g","https://www.aldi.com.au/fileadmin/_processed_/e/f/csm_1002781_REDUCTIONS_R13_1x1_228x128_4_RET_f20ab3864c.png","Julius Gold Premium Dog Food Meaty Chicken Loaf Style 100g"
"","100g","95","95c per 100g","https://www.aldi.com.au/fileadmin/_processed_/6/8/csm_1002781_REDUCTIONS_R13_1x1_228x128_5_RET_95335a01b7.png","Julius Gold Premium Dog Food Meaty Lamb Loaf Style 100g"
"","100g","95","95c per 100g","https://www.aldi.com.au/fileadmin/_processed_/6/2/csm_1002781_REDUCTIONS_R13_1x1_228x128_6_RET_82b6f9b86d.png","Julius Gold Premium Dog Food Meaty Loaf with Kangaroo 100g"
"","100g","95","95c per 100g","https://www.aldi.com.au/fileadmin/_processed_/f/4/csm_1002781_REDUCTIONS_R13_1x1_228x128_7_RET_c7f0dbce70.png","Julius Gold Premium Puppy Food Chicken Mince with Rice, Carrots and Spinach 100g"
"","400g","$1.99","50c per 100g","https://www.aldi.com.au/fileadmin/_processed_/d/3/csm_1002942-1_PETS_1x1_228x128_1_RET_fb9c9cf177.png","Julius Gold Loaf Style Dog Food 400g - Assorted Varieties"
"","1.5kg","$9.99","67c per 100g","https://www.aldi.com.au/fileadmin/_processed_/9/8/csm_1002942-1_PETS_1x1_228x128_2_RET_59a518f17b.png","Julius Gold Gourmet Dry Dog Food Chicken & Vegetables 1.5kg"
"","1.5kg","$9.99","67c per 100g","https://www.aldi.com.au/fileadmin/_processed_/3/3/csm_1002942-1_PETS_1x1_228x128_3_RET_9698fc8a2d.png","Julius Gold Gourmet Dry Dog Food Beef & Vegetables 1.5kg"
"","700g","$2.39","34c per 100g","https://www.aldi.com.au/fileadmin/_processed_/0/c/csm_1002942-1_PETS_1x1_228x128_4_RET_2fedab68b3.png","Julius Dog Food Casserole with Beef, Vegetables and Gravy 700g"
"","1.2kg","$3.49","29c per 100g","https://www.aldi.com.au/fileadmin/_processed_/9/7/csm_1002942-1_PETS_1x1_228x128_5_RET_9faaa24fc4.png","Julius Dog Food Casserole with Beef, Vegetables and Gravy 1.2kg"
"","8kg","$17.99","22c per 100g","https://www.aldi.com.au/fileadmin/_processed_/d/4/csm_1002942-1_PETS_1x1_228x128_6_RET_ac7df3e693.png","Julius Dry Dog Food Beef and Vegetable 8kg"
"","100g","$3.49","$3.49 per 100g","https://www.aldi.com.au/fileadmin/_processed_/7/a/csm_1002942-1_PETS_1x1_228x128_7_RET_a99ee6e953.png","Julius Treatz Dog Treat Mini Sticks Milky 100g"
"","100g","$3.49","$3.49 per 100g","https://www.aldi.com.au/fileadmin/_processed_/0/3/csm_1002942-1_PETS_1x1_228x128_8_RET_9fb82c8fe2.png","Julius Treatz Dog Treat Mini Sticks with Real Chicken 100g"
"","7pk","$2.99","$1.64 per 100g","https://www.aldi.com.au/fileadmin/_processed_/4/8/csm_1002942-1_PETS_1x1_228x128_9_RET_51a84e5a9c.png","Julius Treatz Den-Twist Chews Regular 7pk"
"","7pk","$2.99","$1.64 per 100g","https://www.aldi.com.au/fileadmin/_processed_/a/e/csm_1002942-1_PETS_1x1_228x128_10_RET_a7c7c1b350.png","Julius Treatz Den-Twist Chews Fresh Breath 7pk"
"","ea","$3.99","$2.00 - $1.00 each","https://www.aldi.com.au/fileadmin/_processed_/a/a/csm_1002942-1_PETS_1x1_228x128_32_RET_471d741f39.png","Julius Treatz Dog Rawhide Treats 2pk/4pk"
"","500g","$8.99","$1.80 per 100g","https://www.aldi.com.au/fileadmin/_processed_/f/2/csm_1002942-1_PETS_1x1_228x128_13_RET_e80e5184f1.png","Julius Treatz With Beef Liver 500g"
"","5pk","$11.99","$2.40 ea","https://www.aldi.com.au/fileadmin/_processed_/a/c/csm_1002942-1_PETS_1x1_228x128_14_RET_7394277911.png","Julius Treatz Pigs Ears 5pk"
"","400g","$1.99","50c per 100g","https://www.aldi.com.au/fileadmin/_processed_/5/c/csm_1002942-1_PETS_1x1_228x128_15_RET_688ea9655a.png","Natural Elements Pet Nutrition Grain Free Dog Food Duck Pate with Vegetable, Blueberry and Cranberry 400g"
"","400g","$1.99","50c per 100g","https://www.aldi.com.au/fileadmin/_processed_/2/0/csm_1002942-1_PETS_1x1_228x128_16_RET_b82e751c8d.png","Natural Elements Pet Nutrition Grain Free Dog Food Chicken and Duck Pate with Garden Vegetables 400g"
"","2.5kg","$12.99","52c per 100g","https://www.aldi.com.au/fileadmin/_processed_/c/e/csm_1002942-1_PETS_1x1_228x128_17_RET_130b782316.png","Natural Elements Pet Nutrition Grain Free Dry Dog Food Chicken 2.5kg"
"","700g","$2.69","38c per 100g","https://www.aldi.com.au/fileadmin/_processed_/7/7/csm_1002942-1_PETS_1x1_228x128_19_RET_d59f8016e3.png","Natural Elements Pet Nutrition Chicken with Vegetables and Rice 700g"
"","null","$1.99","$1.11 per 100g","https://www.aldi.com.au/fileadmin/_processed_/b/0/csm_1002942-1_PETS_1x1_228x128_31_RET_d7440e1dfb.png","Julius Treatz Beef Straps 180g"
"","3pk","$14.99","50c per 100g","https://www.aldi.com.au/fileadmin/_processed_/4/8/csm_1002942-1_PETS_1x1_228x128_28_RET_b52fada050.png","Julius & Cachet Chunky Pet Mince 3kg"
"","1kg","$5.99","60c per 100g","https://www.aldi.com.au/fileadmin/_processed_/9/2/csm_1002942-1_PETS_1x1_228x128_27_RET_3a4ed96f65.png","Julius & Cachet Chunky Pet Mince 1kg"
"","85g","$1.09","$1.28 per 100g","https://www.aldi.com.au/fileadmin/_processed_/2/3/csm_1002942-1_PETS_1x1_228x128_21_RET_1158defd16.png","Cachet Premium Cat Food Chicken Varieties 85g"
"","null","$1.09","$1.28 per 100g","https://www.aldi.com.au/fileadmin/_processed_/b/5/csm_1002942-1_PETS_1x1_228x128_22_RET_774634541d.png","Cachet Premium Cat Food Fish Varieties 85g"
"","85g","$1.09","$1.28 per 100g","https://www.aldi.com.au/fileadmin/_processed_/7/f/csm_1002942-1_PETS_1x1_228x128_23_RET_3ac580ef61.png","Cachet Premium Cat Food Meat Varieties 85g"
"","1kg","$6.49","65c per 100g","https://www.aldi.com.au/fileadmin/_processed_/1/e/csm_1002942-1_PETS_1x1_228x128_24_RET_8509552469.png","Cachet Gourmet Dry Cat Food Chicken, Cheese and Vegetable Flavour 1kg"
"","1kg","$6.49","65c per 100g","https://www.aldi.com.au/fileadmin/_processed_/e/9/csm_1002942-1_PETS_1x1_228x128_25_RET_854131bddd.png","Cachet Gourmet Dry Cat Food Seafood Platter wirh Tuna, Vegetable and Prawn Flavour 1kg"
"","12pk","$5.69","56c per 100g","https://www.aldi.com.au/fileadmin/_processed_/d/5/csm_1002942-1_PETS_1x1_228x128_26_RET_8223fcadb6.png","Silvester's Cat Food Pouches Beef Selection in Gravy 12 x 85g"
"","10kg","$7.99","80c per kg","https://www.aldi.com.au/fileadmin/_processed_/3/4/csm_1002942-1_PETS_1x1_228x128_29_RET_e7877941d5.png","San-i-pet Clumping Cat Litter 10kg"
"","null","$9.69","$4.85 per kg","https://www.aldi.com.au/fileadmin/_processed_/6/1/csm_1002942-1_PETS_1x1_228x128_30_RET_f937b85eac.png","San-i-pet Cat Litter Crystals 2kg"
"","140g","$2.29","$1.64 per 100g","https://www.aldi.com.au/fileadmin/_processed_/9/3/csm_ALN2364-7_HEALTH_1x1_228x128__7094e66b38.jpg","Dentitex Advanced Whitening Toothpaste"
"","110g","$5.99","$5.45 per 100g","https://www.aldi.com.au/fileadmin/_processed_/6/1/csm_1001349_ALN-1_1x1_Q3_WEB-AUDIT_228x128_16_b23b07d304.jpg","Dentitex Sensitive Plus Whitening Toothpaste"
"","2pk","$1.89","95c per unit","https://www.aldi.com.au/fileadmin/_processed_/b/6/csm_ALN2853_HEALTH_1x1_228x128_4_43e687467b.jpg","Dentitex Interdental Pro Toothbrush 2pk"
"","ea","$3.39","34c per 100ml","https://www.aldi.com.au/fileadmin/_processed_/4/4/csm_1002370-4_Q3_WEB_AUDIT_1x1_228x128_21_RET_1e11b19ab3.png","Dentitex Mouthwash Ultra Fresh, Tartar Control or Teeth Defence 1L"
"","ea","$2.49","$9.96 per 100g","https://www.aldi.com.au/fileadmin/_processed_/3/7/csm_1002370-4_Q3_WEB_AUDIT_1x1_228x128_20_RET_4179ffbebe.png","Essential Health Paw Paw Ointment 25g"
"","24pk","$1.49","6c per tablet","https://www.aldi.com.au/fileadmin/_processed_/b/7/csm_1001605-5_1x1_Q4_WEB-AUDIT_HEALTH_228x128_2_e328b0f92b.jpg","Hedafen Ibuprofen 24pk"
"","20pk","$2.39","12c per capsule","https://www.aldi.com.au/fileadmin/_processed_/0/8/csm_ALN3612_1x1_SSV-OCT-B2_228x128_30_546be572a4.jpg","Hedafen Ibuprofen Liquid Gel Capsules 20pk"
"","20pk","75","4c per tablet","https://www.aldi.com.au/fileadmin/_processed_/6/9/csm_1002179-1_Q2_WEB_AUDIT_1x1_228x128_62_RET_1c99ec3153.png","Hedanol Paracetamol Capsule Shaped Tablets 20pk"
"","ea","$5.29","35c per tablet","https://www.aldi.com.au/fileadmin/_processed_/c/3/csm_ALN2364-7_HEALTH_1x1_228x128_10_78358ca360.jpg","Essential Health Effervescents 15pk"
"","ea","$1.99","2c-4c per strip","https://www.aldi.com.au/fileadmin/_processed_/7/3/csm_1002179-1_Q2_WEB_AUDIT_1x1_228x128_7_RET_b40131b41b.png","Essential Health First Aid Strips Plastic 100pk or Fabric 50pk"
"","ea","$1.99","$6.63 per 100g","https://www.aldi.com.au/fileadmin/_processed_/b/b/csm_1001349_ALN-1_1x1_Q3_WEB-AUDIT_228x128_17_bf3fe01b50.jpg","Onset Protein Bars 30g"
"","ea","$2.99","$3.99 per 100ml","https://www.aldi.com.au/fileadmin/_processed_/0/c/csm_1001137-1_ALN_Q2_WEB_AUDIT_1x1_228x128_2_7aa4086302.jpg","LACURA"
"","ea","$2.99","$1.99 per 100g","https://www.aldi.com.au/fileadmin/_processed_/e/0/csm_1000855_ALN-10_1x1_Q1_WEB-AUDIT_228x128_30_df0846b24d.jpg","LACURA"
"","30pk","$1.69","6c per wipe","https://www.aldi.com.au/fileadmin/_processed_/d/d/csm_1002179-1_Q2_WEB_AUDIT_1x1_228x128_4_RET_88c48cf961.png","Lacura Fine Balance Cleansing Wipes 30pk"
"","30pk","$1.69","6c per wipe","https://www.aldi.com.au/fileadmin/_processed_/4/8/csm_1002179-1_Q2_WEB_AUDIT_1x1_228x128_3_RET_45d3c3e097.png","Lacura Caring Cleansing Wipes 30pk"
"","30pk","$1.69","6c per wipe","https://www.aldi.com.au/fileadmin/_processed_/6/3/csm_1002179-1_Q2_WEB_AUDIT_1x1_228x128_5_RET_842af55f55.png","Lacura Renew Cleansing Wipes 30pk"
"","50ml","$12.99","$25.98 per 100ml","https://www.aldi.com.au/fileadmin/_processed_/d/4/csm_ALN3510_Q3_BEAUTY_1x1_228x128_6_431c63de4b.jpg","LACURAÂ® Renew Expert Face Cream Day 50ml"
"","null","$12.99","$25.98 per 100ml","https://www.aldi.com.au/fileadmin/_processed_/8/c/csm_ALN3510_Q3_BEAUTY_1x1_228x128_7_282f444e31.jpg","LACURAÂ® Renew Expert Face Cream Night 50ml"
"","15ml","$12.99","$86.60 per 100ml","https://www.aldi.com.au/fileadmin/_processed_/b/f/csm_ALN3510_Q3_BEAUTY_1x1_228x128_8_0425c3e696.jpg","LACURAÂ® Renew Expert Firming Eye Gel 15ml"
"","30ml","$12.99","$43.30 per 100ml","https://www.aldi.com.au/fileadmin/_processed_/1/5/csm_ALN3708_Q4-WEB_EXISTING_1x1_228x128_12_fc06bdcafb.jpg","LACURAÂ® Revive Intensive Serum Night Elixir 30ml"
"","30ml","$12.99","$43.30 per 100ml","https://www.aldi.com.au/fileadmin/_processed_/e/8/csm_ALN3708_Q4-WEB_EXISTING_1x1_228x128_13_3169f97d81.jpg","LACURAÂ® Revive Intensive Serum Hyaluronic Gel 30ml"
"","15ml","$12.99","$86.60 per 100ml","https://www.aldi.com.au/fileadmin/_processed_/8/9/csm_ALN3708_Q4-WEB_EXISTING_1x1_228x128_14_1008381571.jpg","LACURAÂ® Revive Intensive Serum Moisture Boost 15ml"
"","50ml","$11.99","$23.98 per 100ml","https://www.aldi.com.au/fileadmin/_processed_/d/4/csm_ALN3510_Q3_BEAUTY_1x1_228x128_4_e7f0f53ae6.jpg","LACURA"
"","null","$11.99","$79.93 per 100ml","https://www.aldi.com.au/fileadmin/_processed_/f/5/csm_ALN3510_Q3_BEAUTY_1x1_228x128_5_235b221d1b.jpg","LACURA"
"","30pk","$1.69","6c per wipe","https://www.aldi.com.au/fileadmin/_processed_/4/0/csm_1002179-1_Q2_WEB_AUDIT_1x1_228x128_6_RET_4c6dbbb191.png","Lacura Revitalise Cleansing Wipes 30pk"
"","50ml","$12.99","$25.98 per 100ml","https://www.aldi.com.au/fileadmin/_processed_/c/d/csm_ALN3510_Q3_BEAUTY_1x1_228x128_3_7ede98a999.jpg","LACURAÂ® Skin Science Revitalise Expert Face Care Day Cream 50ml"
"","50ml","$12.99","$25.98 per 100ml","https://www.aldi.com.au/fileadmin/_processed_/c/e/csm_ALN3510_Q3_BEAUTY_1x1_228x128_4_dc73157929.jpg","LACURAÂ® Skin Science Revitalise Expert Face Care Neck Firming Cream 50ml"
"","15ml","$12.99","$86.60 per 100ml","https://www.aldi.com.au/fileadmin/_processed_/5/4/csm_ALN3510_Q3_BEAUTY_1x1_228x128_5_cff514c5fd.jpg","LACURAÂ® Skin Science Revitalise Expert Face Care Eye Cream 15ml"
"","ea","$3.99","$2.66 per 100ml","https://www.aldi.com.au/fileadmin/_processed_/3/f/csm_1001349_ALN-1_1x1_Q3_WEB-AUDIT_228x128_35_3e8b17e523.jpg","LACURAÂ® Revitalising Foaming Face Wash Cleanser 150ml"
"","150ml","$5.49","$3.66 per 100ml","https://www.aldi.com.au/fileadmin/_processed_/9/c/csm_1001349_ALN-1_1x1_Q3_WEB-AUDIT_228x128_36_a9c78644f4.jpg","LACURA"
"","150ml","$5.49","$3.66 per 100ml","https://www.aldi.com.au/fileadmin/_processed_/3/d/csm_1001349_ALN-1_1x1_Q3_WEB-AUDIT_228x128_55_1b1786c150.jpg","LACURA"
"","150ml","$5.49","$3.66 per 100ml","https://www.aldi.com.au/fileadmin/_processed_/0/d/csm_ALN3708_Q4-WEB_EXISTING_1x1_228x128_17_fdbceb9436.jpg","LACURAÂ® Naturals Invigorating Facial Exfoliating Scrub 150ml"
"","50ml","$8.99","$17.98 per 100ml","https://www.aldi.com.au/fileadmin/_processed_/9/5/csm_ALN1075_SKIN_CARE_UPDATE_1x1_228x128_24_5c2b19ebbd.jpg","LACURA"
"","50ml","$8.99","$17.98 per 100ml","https://www.aldi.com.au/fileadmin/_processed_/6/4/csm_ALN1075_SKIN_CARE_UPDATE_1x1_228x128_23_0f2c752a68.jpg","LACURA"
"","25pk","$2.99","12c each","https://www.aldi.com.au/fileadmin/_processed_/9/a/csm_ALN3708_Q4-WEB_NEW-1x1_228x128_7_f8890749fc.jpg","LACURAÂ® Naturals Premium Cleansing Makeup Wipes 25pk"
"","ea","$2.99","$3.99 per 100ml","https://www.aldi.com.au/fileadmin/_processed_/1/7/csm_1001137-1_ALN_Q2_WEB_AUDIT_1x1_228x128__ef69989225.jpg","PRINCE Anti-perspirant Roll-on Deodorant 75ml"
"","null","$4.79","60c per razor","https://www.aldi.com.au/fileadmin/_processed_/3/3/csm_1001605-10_1x1_Q4_WEB-AUDIT_BEAUTY_228x128_5_793113799a.jpg","Prince Maximum 3 Blade Disposable Razors 8pk"
"","ea","$4.29","43c per 100ml","https://www.aldi.com.au/fileadmin/_processed_/7/d/csm_1001829-5_Q1-WEB-AUDIT_BEAUTY_1x1_228x128_8_RET_e6f12c750e.png","Prince"
"","ea","$1.99","80c per 100ml","https://www.aldi.com.au/fileadmin/_processed_/9/b/csm_1001829-5_Q1-WEB-AUDIT_BEAUTY_1x1_228x128_3_RET_df8d97e15d.png","Tricare Liquid Soap 250ml"
"","ea","$3.19","32c per 100ml","https://www.aldi.com.au/fileadmin/_processed_/6/0/csm_1001829-5_Q1-WEB-AUDIT_BEAUTY_1x1_228x128_4_RET_99d56091c5.png","Tricare Liquid Soap Refill 1L"
"","ea","$3.49","70c per 100g","https://www.aldi.com.au/fileadmin/_processed_/5/8/csm_1001829-5_Q1-WEB-AUDIT_BEAUTY_1x1_228x128_5_RET_4f85615729.png","Juliet Soap Bar 5 Pack"
"","1L","$4.29","43c per 100ml","https://www.aldi.com.au/fileadmin/_processed_/c/d/csm_1001605-10_1x1_Q4_WEB-AUDIT_BEAUTY_228x128_1_21038d21fa.jpg","Juliet Assorted Body Shower Gel 1L"
"","ea","$2.39","48c per 100ml","https://www.aldi.com.au/fileadmin/_processed_/4/6/csm_1001829-5_Q1-WEB-AUDIT_BEAUTY_1x1_228x128_7_RET_e234bc88f6.png","Juliet"
"","8pk","$4.29","54c per 100g","https://www.aldi.com.au/fileadmin/_processed_/4/a/csm_1001829-5_Q1-WEB-AUDIT_BEAUTY_1x1_228x128_6_RET_20c999955b.png","Tricare"
"","250ml","$2.49","$1.00 per 100ml","https://www.aldi.com.au/fileadmin/_processed_/0/6/csm_1001605-10_1x1_Q4_WEB-AUDIT_BEAUTY_228x128_2_2758005c84.jpg","Tricare Antibacterial Foaming Hand Wash 250ml"
"","500ml","$1.69","34c per 100ml","https://www.aldi.com.au/fileadmin/_processed_/4/1/csm_1001829-5_Q1-WEB-AUDIT_BEAUTY_1x1_228x128_2_RET_3408491a0f.png","Tricare Foaming Hand Wash Refill 500ml"
"","400ml","$2.99","75c per 100ml","https://www.aldi.com.au/fileadmin/_processed_/5/a/csm_1002179-1_Q2_WEB_AUDIT_1x1_228x128_2_RET_8bdd94d41a.png","Natures Essence Organic Elements Shampoo or Conditioner 400ml"
"","400g","$4.39","$1.10 per 100g","https://www.aldi.com.au/fileadmin/_processed_/a/8/csm_1001605-10_1x1_Q4_WEB-AUDIT_BEAUTY_228x128_7_b2594a8c2d.jpg","Protane Hair Spray 400g"
"","ea","$2.89","$2.89 per 100ml","https://www.aldi.com.au/fileadmin/_processed_/3/d/csm_1000855_ALN-10_1x1_Q1_WEB-AUDIT_228x128_27_2875091ef9.jpg","Ombra Sunscreen SPF50+ 100ml"
"","3pk","$3.99","$1.33 per 100g","https://www.aldi.com.au/fileadmin/_processed_/d/9/csm_1000855_ALN-10_1x1_Q1_WEB-AUDIT_228x128_26_fff5c3c06f.jpg","Tricare Goatâ€™s Milk Soap 3 pack"
"","ea","$5.99","$1.50 per 100ml","https://www.aldi.com.au/fileadmin/_processed_/6/d/csm_1001272_ALN_JULY-SSV__B1__1x1_228x128_24_93c0c70100.jpg","Protane Argan Oil or Coconut Milk Shampoo 400ml"
"","ea","$5.99","$1.50 per 100ml","https://www.aldi.com.au/fileadmin/_processed_/f/f/csm_1001272_ALN_JULY-SSV__B1__1x1_228x128_25_aee06f1a01.jpg","Protane Argan Oil or Coconut Milk Conditioner 400ml"
"","ea","$4.99","$1.00 per 100ml","https://www.aldi.com.au/fileadmin/_processed_/7/8/csm_ALN3708_Q4-WEB_NEW-1x1_228x128_11_8f43279a7e.jpg","Verde Hand Wash 500ml"
"","1kg","$4.19","$4.19 per kg","https://www.aldi.com.au/fileadmin/_processed_/a/2/csm_ALN2853_AWARDS_FROZEN_FOOD_1x1_228x128_2_a10d03312c.jpg","Market Fare Frozen Corn Kernels 1kg"
"","ea","$8.49","85c per 100ml","https://www.aldi.com.au/fileadmin/_processed_/3/5/csm_ALN3708_Q4-WEB_NEW-1x1_228x128_12_c3bd52b061.jpg","Verde Hand Wash Refill 1L"
"","ea","$2.99","$1.20 per 100ml","https://www.aldi.com.au/fileadmin/_processed_/3/6/csm_1002179-1_Q2_WEB_AUDIT_1x1_228x128_38_RET_7ad0b4f241.png","Tricare Instant Hand Sanitiser 250ml"
"","1kg","$2.59","$2.59 per kg","https://www.aldi.com.au/fileadmin/_processed_/4/a/csm_ALN2853_AWARDS_FROZEN_FOOD_1x1_228x128_3_d7488acded.jpg","Market Fare Garden Frozen Peas 1kg"
"","1kg","$4.49","$4.49 per kg","https://www.aldi.com.au/fileadmin/_processed_/3/3/csm_1001605-7_1x1_Q4_WEB-AUDIT_FREEZER_228x128_1_319014cbbc.jpg","Market Fare Baby Peas 1kg"
"","1kg","$4.19","$4.19 per kg","https://www.aldi.com.au/fileadmin/_processed_/a/b/csm_ALN2853_AWARDS_FROZEN_FOOD_1x1_228x128_4_fff169ddd9.jpg","Market Fare Peas, Carrots & Corn 1kg"
"","1kg","$2.79","$2.79 per kg","https://www.aldi.com.au/fileadmin/_processed_/f/0/csm_ALN2853_AWARDS_FROZEN_FOOD_1x1_228x128_5_ef2f28832d.jpg","Market Fare Green Frozen Beans 1kg"
"","500g","$2.99","$5.98 per kg","https://www.aldi.com.au/fileadmin/_processed_/c/b/csm_ALN2853_AWARDS_FROZEN_FOOD_1x1_228x128_6_e7949ebbff.jpg","Market Fare Broccoli 500g"
"","250g","89","$3.56 per kg","https://www.aldi.com.au/fileadmin/_processed_/a/d/csm_ALN2853_AWARDS_FROZEN_FOOD_1x1_228x128_7_112e57f343.jpg","Market Fare Frozen Spinach 250g"
"","1kg","$4.19","$4.19 per kg","https://www.aldi.com.au/fileadmin/_processed_/1/8/csm_ALN3354_Q2-WEB-AUDIT_1x1_228x128_23_fa84af8a9c.jpg","Market Fare Winter Vegetables 1kg"
"","850g","$4.29","$5.05 per kg","https://www.aldi.com.au/fileadmin/_processed_/d/3/csm_ALN2853_FROZEN_FOOD_1x1_228x128_2_87012b7979.jpg","Market Fare Frozen Stir Fry Vegetables 850g"
"","ea","$6.99","$8.74 per kg","https://www.aldi.com.au/fileadmin/_processed_/b/6/csm_ALN2853_AWARDS_FROZEN_FOOD_1x1_228x128_8_9167884696.jpg","Market Fare Cauliflower Bake or Broccoli Bake 800g"
"","365g","$6.49","$1.78 per 100g","https://www.aldi.com.au/fileadmin/_processed_/f/5/csm_ALN2626_MARGHERITA_PIZZA_1x1_228x128_8650b67446.jpg","The Best Margherita Frozen Pizza Ever 365g"
"","2kg","$11.99","60c per 100g","https://www.aldi.com.au/fileadmin/_processed_/9/5/csm_ALN3708_Q4-WEB_NEW-1x1_228x128_14_cf2406d809.jpg","International Cuisine Beef Lasagne 2kg"
"","500g","$5.69","$11.38 per kg","https://www.aldi.com.au/fileadmin/_processed_/d/8/csm_ALN2364_FROZEN_FOOD_1x1_228x128_3_a59abf39c7.jpg","Orchard & Vine Frozen Blueberries 500g"
"","475ml","$6.99","$1.47 per 100ml","https://www.aldi.com.au/fileadmin/_processed_/8/a/csm_ALN2853_FROZEN_FOOD_1x1_228x128_8_9f7343f381.jpg","Kennyâ€™s Frozen Dessert 475ml"
"","800g","$6.99","$8.74 per kg","https://www.aldi.com.au/fileadmin/_processed_/6/b/csm_1002370-4_Q3_WEB_AUDIT_1x1_228x128_56_RET_d1b36f1371.png","Market Fare Potato Bake 800g"
"","350g","$1.99","$5.69 per kg","https://www.aldi.com.au/fileadmin/_processed_/e/3/csm_1002781_REDUCTIONS_R14_01_1x1_701138a_RET_c800f17acd.jpg","Deli Originals Baby Cucumbers 350g"
"","5pk","$2.99","$2.74 per 100g","https://www.aldi.com.au/fileadmin/_processed_/0/2/csm_1002781_REDUCTIONS_R16_01_1x1_714063a_RET_921b7848f5.jpg","Popdots Triple Choc Pop Dots 5pk/109g"
"","ea","$3.69","$28.38-$21.71 per kg","https://www.aldi.com.au/fileadmin/_processed_/0/d/csm_1002781_REDUCTIONS_R16_03_1x1_63334a_RET_5b13c9ed93.jpg","Sweet Vine Sweetened Dried Mango Slices 130g/170g"
"","6pk","$3.99","38c per 100 sheets","https://www.aldi.com.au/fileadmin/_processed_/4/a/csm_1002781_REDUCTIONS_R16_05_1x1_708962a_RET_b377424c6f.jpg","Confidence King Size with Shea Butter Toilet Tissue 3ply 6pk"
"","500g","$7.49","$14.98 per kg","https://www.aldi.com.au/fileadmin/_processed_/1/6/csm_1002781_REDUCTIONS_R16_07_1x1_63530a_RET_be0bdcf1a6.jpg","Specially Selected Grass Fed Angus Beef Sausages 500g"
"","500g","$2.79","$5.58 per kg","https://www.aldi.com.au/fileadmin/_processed_/5/c/csm_1002781_REDUCTIONS_R16_09_1x1_46890a_RET_9dccb651ab.jpg","Berg Hot Dog Frankfurts 500g"
"","500g","$2.79","$5.58 per kg","https://www.aldi.com.au/fileadmin/_processed_/8/7/csm_1002781_REDUCTIONS_R16_11_1x1_46894a_RET_b16d4e6ee8.jpg","Berg Cocktail Frankfurts 500g"
"","300g","$6.79","$2.26 per 100g","https://www.aldi.com.au/fileadmin/_processed_/d/b/csm_1002781_REDUCTIONS_R16_13_1x1_709366a_RET_625a84b0e6.jpg","Goldenvale Paleo Granola 300g"
"","185g","$1.79","$10.76 per kg","https://www.aldi.com.au/fileadmin/_processed_/b/3/csm_1002781_REDUCTIONS_R15_01_1x1_827249a_RET_b89da663a9.jpg","Portview Tuna Chunks 185g"
"","500g","$6.49","$12.98 per kg","https://www.aldi.com.au/fileadmin/_processed_/9/5/csm_1002781_REDUCTIONS_R15_04_1x1_709193a_RET_84e184d90a.jpg","Westacre Dairy Light Tasty Shredded Cheese 500g"
"","1L","$2.29","$2.29 per litre","https://www.aldi.com.au/fileadmin/_processed_/a/9/csm_1002781_REDUCTIONS_R13_1x1_228x128_1_RET_1938099c1b.png","Inner Goodness Unsweetened Almond Milk Organic 1L"
"","700g","$8.99","$12.84 per kg","https://www.aldi.com.au/fileadmin/_processed_/a/6/csm_1002781_REDUCTIONS_R13_1x1_228x128_2_RET_bdbd97c7b3.png","Westacre Dairy Tasty Shredded Cheese 700g"
"","100g","95","95c per 100g","https://www.aldi.com.au/fileadmin/_processed_/7/6/csm_1002781_REDUCTIONS_R13_1x1_228x128_3_RET_02cfacad1f.png","Julius Gold Premium Dog Food Meaty Beef Loaf Style 100g"
"","100g","95","95c per 100g","https://www.aldi.com.au/fileadmin/_processed_/e/f/csm_1002781_REDUCTIONS_R13_1x1_228x128_4_RET_f20ab3864c.png","Julius Gold Premium Dog Food Meaty Chicken Loaf Style 100g"
"","100g","95","95c per 100g","https://www.aldi.com.au/fileadmin/_processed_/6/8/csm_1002781_REDUCTIONS_R13_1x1_228x128_5_RET_95335a01b7.png","Julius Gold Premium Dog Food Meaty Lamb Loaf Style 100g"
"","100g","95","95c per 100g","https://www.aldi.com.au/fileadmin/_processed_/6/2/csm_1002781_REDUCTIONS_R13_1x1_228x128_6_RET_82b6f9b86d.png","Julius Gold Premium Dog Food Meaty Kangaroo Loaf Style 100g"
"","100g","95","95c per 100g","https://www.aldi.com.au/fileadmin/_processed_/f/4/csm_1002781_REDUCTIONS_R13_1x1_228x128_7_RET_c7f0dbce70.png","Julius Gold Premium Puppy Food 100g"
"","ea","$3.99","66c per 100g","https://www.aldi.com.au/fileadmin/_processed_/f/1/csm_1002781_REDUCTIONS_R13_1x1_228x128_8_RET_fb6ee8dd05.png","World Kitchen Fresh Quiche 200g"
"","ea","$2.59","19c/22c/26c per pad","https://www.aldi.com.au/fileadmin/_processed_/3/9/csm_1002781_REDUCTIONS_IMAGE-UPDATES_1x1_228x128_27_RET_48781e5dcf.png","Sana Incontinence Pads 14pk/12pk/10pk"
"","410g/420g","95","$2.32/$2.26 per kg","https://www.aldi.com.au/fileadmin/_processed_/0/1/csm_1002781_REDUCTIONS_R12_1x1_228x128_1_RET_270630edaf.png","New Season Red Kidney Beans 410g/420g"
"","ea","95","$2.29/$2.26 per kg","https://www.aldi.com.au/fileadmin/_processed_/2/6/csm_1002781_REDUCTIONS_R12_1x1_228x128_2_RET_d901612268.png","New Season Lentils or Cannellini Beans 415g/420g"
"","420g","95","$2.26 per kg","https://www.aldi.com.au/fileadmin/_processed_/d/5/csm_1002781_REDUCTIONS_R12_1x1_228x128_3_RET_28d7c56169.png","New Season Chickpeas 420g"
"","420g","95","$2.26 per kg","https://www.aldi.com.au/fileadmin/_processed_/6/4/csm_1002781_REDUCTIONS_R12_1x1_228x128_4_RET_83c729feff.png","New Season 4 Bean Mix 420g"
"","420g","95","$2.26 per kg","https://www.aldi.com.au/fileadmin/_processed_/3/f/csm_1002781_REDUCTIONS_R12_1x1_228x128_5_RET_220c3f3c53.png","New Season Corn Kernels 420g"
"","420g","95","$2.26 per kg","https://www.aldi.com.au/fileadmin/_processed_/0/2/csm_1002781_REDUCTIONS_R12_1x1_228x128_6_RET_5b7c3da134.png","El Tora Black Beans 420g"
"","ea","$2.99","60c per 100g","https://www.aldi.com.au/fileadmin/_processed_/3/e/csm_1002781_REDUCTIONS_R12_1x1_228x128_7_RET_3614e62e2f.png","Remano Potato Gnocchi 500g"
"","per kg","$14.99","$14.99 per kg","https://www.aldi.com.au/fileadmin/_processed_/7/3/csm_1002781_REDUCTIONS_R11_1x1_228x128_1_RET_225309c355.png","Ironbark Pork Pork Loin Steak per kg"
"","1kg","$9.49","$9.95 per kg","https://www.aldi.com.au/fileadmin/_processed_/4/9/csm_1002153_REDUCTIONS_R31_1x1_228x128_3_RET_ad2f6c8a15.png","Westacre Dairy Tasty Cheese Block 1kg"
"","ea","$1.69","85c - 28c per 10g","https://www.aldi.com.au/fileadmin/_processed_/d/7/csm_1002153_REDUCTIONS_R31_1x1_228x128_1_RET_96f102094a.png","Stonemill Spice Shakers 20g-60g"
"","ea","$1.59","$1.06 - $0.19 per 10g","https://www.aldi.com.au/fileadmin/_processed_/3/2/csm_1002781_REDUCTIONS_IMAGE-UPDATES_1x1_228x128_8_RET_84a65062b9.png","Stonemill Spice Shakers 15g-85g"
"","825g","$3.29","$3.99 per kg","https://www.aldi.com.au/fileadmin/_processed_/5/1/csm_1002781_REDUCTIONS_R09_1x1_228x128_1_RET_b4ffc3df0d.png","Sweet Valley Fruit Salad in Syrup 825g"
"","5pk","$5.49","$1.10 per 100g","https://www.aldi.com.au/fileadmin/_processed_/c/5/csm_1002781_REDUCTIONS_R08_1x1_228x128_1_RET_73d5a17699.png","The Cake Stall Banana Bread Slices 5pk/500g"
"","110g","$1.29","$1.17 per 100g","https://www.aldi.com.au/fileadmin/_processed_/2/2/csm_1002781_REDUCTIONS_R08_1x1_228x128_2_RET_710de7af44.png","Brooklea Blueberry Yogurt No Added Sugar 110g"
"","110g","$1.29","$1.17 per 100g","https://www.aldi.com.au/fileadmin/_processed_/e/8/csm_1002781_REDUCTIONS_R08_1x1_228x128_3_RET_f4203b0fe0.png","Brooklea Raspberry Yogurt No Added Sugar 110g"
"","110g","$1.29","$1.17 per 100g","https://www.aldi.com.au/fileadmin/_processed_/4/f/csm_1002781_REDUCTIONS_R08_1x1_228x128_4_RET_372f0c6e85.png","Brooklea Strawberry Yogurt No Added Sugar 110g"
"","110g","$1.29","$1.17 per 100g","https://www.aldi.com.au/fileadmin/_processed_/d/0/csm_1002781_REDUCTIONS_R08_1x1_228x128_5_RET_6edf646473.png","Brooklea Vanilla Yogurt No Added Sugar 110g"
"","2L","$6.69","34c per 100ml","https://www.aldi.com.au/fileadmin/_processed_/f/c/csm_1002781_REDUCTIONS_R07_1x1_228x128_RET_94687ddb80.png","Pure Vita Canola Oil 2L"
"","1kg","$8.49","85c per 100g","https://www.aldi.com.au/fileadmin/_processed_/b/5/csm_1002781_REDUCTIONS_R05_1x1_228x128_1_RET_39d2ae6a99.png","Farmdale Full Cream Milk Powder 1kg"
"","ea","$2.19","61c per 100g","https://www.aldi.com.au/fileadmin/_processed_/6/f/csm_1002781_REDUCTIONS_R06_1x1_228x128_1_RET_c0641e0927.png","Bakers Life Mini White or Wholegrain Wraps 8pk/360g"
"","400g","$4.49","$11.23 per kg","https://www.aldi.com.au/fileadmin/_processed_/d/1/csm_1002781_REDUCTIONS_R03_1x1_228x128_1_RET_R_9b978257d8.png","Season's Pride Potato Gratin 400g"
"","400g","$4.49","$11.23 per kg","https://www.aldi.com.au/fileadmin/_processed_/6/2/csm_1002781_REDUCTIONS_R03_1x1_228x128_2_RET_c71fa980d9.png","Season's Pride Spinach & Ricotta Gratin 400g"
"","ea","$4.49","$1.12 per 100g","https://www.aldi.com.au/fileadmin/_processed_/a/4/csm_1002781_REDUCTIONS_R10_1x1_228x128_1_73c06c337b.png","Health & Vitality Shepherdâ€™s Pie or Tuna Mornay 400g"
"","350g","$4.49","$1.28 per 100g","https://www.aldi.com.au/fileadmin/_processed_/4/2/csm_1002781_REDUCTIONS_R10_1x1_228x128_2_bf057bec79.png","Health & Vitality Chilli Con Carne 350g"
"","340g","$2.99","$8.79 per kg","https://www.aldi.com.au/fileadmin/_processed_/a/a/csm_1002781_REDUCTIONS_R10_1x1_228x128_4_122760b740.png","Hydale Corned Beef 340g"
"","ea","$3.29","59c per 100g","https://www.aldi.com.au/fileadmin/_processed_/7/c/csm_1002781_REDUCTIONS_R10_1x1_228x128_6_24fe6d59f5.png","Bakers Life Large White or Wholegrain Wraps 8pk/560g"
"","2L","$6.69","34c per 100ml","https://www.aldi.com.au/fileadmin/_processed_/8/7/csm_1002781_REDUCTIONS_R10_1x1_228x128_5_9271a4ec5d.png","Pure Vita Blended Vegetable Oil 2L"
"","ea","$4.49","$1.60/$1.50 per 100g","https://www.aldi.com.au/fileadmin/_processed_/2/c/csm_1002781_REDUCTIONS_R04_1x1_228x128_1_RET_821e5115c1.png","Health & Vitality Chicken & Cashew or Chicken Carbonara 280g/300g"
"","320g","$4.49","$1.40 per 100g","https://www.aldi.com.au/fileadmin/_processed_/f/a/csm_1002781_REDUCTIONS_R04_1x1_228x128_2_RET_947ea05461.png","Health & Vitality Green Chicken Curry 320g"
"","ea","$4.49","$1.28/$1.21 per 100g","https://www.aldi.com.au/fileadmin/_processed_/4/f/csm_1002781_REDUCTIONS_R04_1x1_228x128_3_RET_3724070a40.png","Health & Vitality Chicken Risotto or Chicken Pasta 350g/370g"
"","ea","$4.49","$1.60/$1.55 per 100g","https://www.aldi.com.au/fileadmin/_processed_/5/5/csm_1002781_REDUCTIONS_R04_1x1_228x128_4_RET_97b4b20669.png","Health & Vitality Beef Stroganoff or Lamb Hot Pot 280g/290g"
"","580g","$3.99","69c per 100g","https://www.aldi.com.au/fileadmin/_processed_/4/6/csm_1002781_REDUCTIONS_R02_1x1_228x128_1_RET_91870e81f3.png","Goldenvale Bran & Sultanas 580g"
"","510g","$7.49","$1.47 per 100g","https://www.aldi.com.au/fileadmin/_processed_/3/5/csm_1002781_REDUCTIONS_IMAGE-UPDATES_1x1_228x128_12_RET_3cbbc219f4.png","Fancy Feast Cat Food Multipack 510g"
"","6kg","$24.99","42c per 100g","https://www.aldi.com.au/fileadmin/_processed_/a/1/csm_1002153_REDUCTIONS_R46_1x1_228x128_4_RET_f60abc932d.png","Supercoat Dry Dog Food 6kg"
"","70g","$1.49","$2.13 per 100g","https://www.aldi.com.au/fileadmin/_processed_/4/f/csm_1002781_REDUCTIONS_R01_1x1_228x128_1_RET_f721065dea.png","Brooklea Chocolate Flavoured Custard Pouch 70g"
"","70g","$1.49","$2.13 per 100g","https://www.aldi.com.au/fileadmin/_processed_/6/a/csm_1002781_REDUCTIONS_R01_1x1_228x128_2_RET_1633a35b3f.png","Brooklea Vanilla Flavoured Custard Pouch 70g"
"","ea","$1.79","13c/15c/18c per pad","https://www.aldi.com.au/fileadmin/_processed_/4/7/csm_1002153_REDUCTIONS_R59_1x1_228x128_1_RET_b6ebc9136d.png","So Femme Ultra Thin Pads 14pk/12pk/10pk"
"","ea","$1.89","4c-6c per liner","https://www.aldi.com.au/fileadmin/_processed_/7/5/csm_1002153_REDUCTIONS_R59_1x1_228x128_2_RET_812ed1675d.png","So Femme Boxed Liners 48pk/30pk"
"","200g","$4.49","$22.45 per kg","https://www.aldi.com.au/fileadmin/_processed_/d/0/csm_1002153_REDUCTIONS_R58_1x1_228x128_6_RET_bb4c41e9a2.png","Emporium Selection Swiss Cheese Slices 200g"
"","2kg","$9.69","$4.85 per kg","https://www.aldi.com.au/fileadmin/_processed_/b/7/csm_1002153_REDUCTIONS_R58_1x1_228x128_1_RET_482ee24545.png","San-I-Pet Cat Litter Crystals 2kg"
"","125g","$2.49","$19.92 per kg","https://www.aldi.com.au/fileadmin/_processed_/8/4/csm_1002153_REDUCTIONS_R58_1x1_228x128_4_RET_24ea9b6810.png","Emporium Selection Camembert Cheese 125g"
"","125g","$2.49","$19.92 per kg","https://www.aldi.com.au/fileadmin/_processed_/5/b/csm_1002153_REDUCTIONS_R58_1x1_228x128_3_RET_9f06774157.png","Emporium Selection Brie Cheese 125g"
"","60pk","$7.99","13c per tablet","https://www.aldi.com.au/fileadmin/_processed_/8/1/csm_1002153_REDUCTIONS_R58_1x1_228x128_5_RET_6d6a1e02bc.png","Essential Health Vitamins Glucosamine 60pk"
"","265g","$4.99","$18.83 per kg","https://www.aldi.com.au/fileadmin/_processed_/d/7/csm_1002153_REDUCTIONS_R57_1x1_228x128_1_RET_cc6810ab1d.png","Emporium Selection Gouda Cheese Portion 265g"
"","260g","$4.99","$19.19 per kg","https://www.aldi.com.au/fileadmin/_processed_/3/4/csm_1002781_REDUCTIONS_IMAGE-UPDATES_1x1_228x128_18_RET_a0285542da.png","Emporium Selection Maasdam Cheese Portion 260g"
"","230g","$4.99","$21.70 per kg","https://www.aldi.com.au/fileadmin/_processed_/0/7/csm_1002781_REDUCTIONS_IMAGE-UPDATES_1x1_228x128_19_RET_9e5ccf1992.png","Emporium Selection Edam Cheese Portion 230g"
"","200g","$4.49","$22.45 per kg","https://www.aldi.com.au/fileadmin/_processed_/f/b/csm_1002781_REDUCTIONS_IMAGE-UPDATES_1x1_228x128_20_RET_0278dee7d0.png","Emporium Selection Butterkase Cheese Slices 200g"
"","200g","$4.49","$22.45 per kg","https://www.aldi.com.au/fileadmin/_processed_/8/4/csm_1002781_REDUCTIONS_IMAGE-UPDATES_1x1_228x128_22_RET_c1dcb0d68b.png","Emporium Selection Havarti Cheese Slices 200g"
"","200g","$4.49","$22.45 per kg","https://www.aldi.com.au/fileadmin/_processed_/f/1/csm_1002781_REDUCTIONS_IMAGE-UPDATES_1x1_228x128_23_RET_2be24f9391.png","Emporium Selection Gouda Cheese Slices 200g"
"","200g","$4.49","$22.45 per kg","https://www.aldi.com.au/fileadmin/_processed_/f/c/csm_1002781_REDUCTIONS_IMAGE-UPDATES_1x1_228x128_24_RET_ea50090941.png","Emporium Selection Edam Cheese Slices 200g"
"","200g","$4.49","$22.45 per kg","https://www.aldi.com.au/fileadmin/_processed_/b/3/csm_1002781_REDUCTIONS_IMAGE-UPDATES_1x1_228x128_25_RET_7f7cc33e09.png","Emporium Selection Maasdam Cheese Slices 200g"
"","150g","$4.49","$29.93 per kg","https://www.aldi.com.au/fileadmin/_processed_/d/8/csm_1002781_REDUCTIONS_IMAGE-UPDATES_1x1_228x128_26_RET_1e8a2b3bec.png","Emporium Selection Goat's Cheese Slices 150g"
"","200g","$4.39","$21.95 per kg","https://www.aldi.com.au/fileadmin/_processed_/5/e/csm_1002153_REDUCTIONS_R56_1x1_228x128_2_RET_04963f388a.png","Berg Short Cut Bacon 200g"
"","100g","$4.69","$46.90 per kg","https://www.aldi.com.au/fileadmin/_processed_/3/b/csm_1002153_REDUCTIONS_R55_1x1_228x128_1_RET_f36c8dc0fd.png","Oh So Natural Pine Nuts 100g"
"","500g","$9.49","$18.98 per kg","https://www.aldi.com.au/fileadmin/_processed_/2/b/csm_1002153_REDUCTIONS_R56_1x1_228x128_3_RET_e2fcff5a32.png","Ready, Setâ€¦Cook! Crumbed Pork Schnitzel 500g"
"","200g","$4.49","$22.45 per kg","https://www.aldi.com.au/fileadmin/_processed_/a/0/csm_1002729_LTO_B1_1x1_228x128_1_RET_aef1d282d4.png","Blackstone Everything Bagel Flavoured Cashews 200g"
"","50g","$3.19","64c per 10 g","https://www.aldi.com.au/fileadmin/_processed_/a/6/csm_1002153_REDUCTIONS_R52_1x1_228x128_1_RET_bc1b52c595.png","Stonemill Black Pepper Grinder 50g"
"","110g","$3.19","29c per 10 g","https://www.aldi.com.au/fileadmin/_processed_/4/4/csm_1002153_REDUCTIONS_R52_1x1_228x128_2_RET_e9b431b851.png","Stonemill Iodised Sea Salt Grinder 110g"
"","250g","$5.49","$21.96 per kg","https://www.aldi.com.au/fileadmin/_processed_/e/6/csm_1002153_REDUCTIONS_R51_1x1_228x128_1_RET_1ba128e316.png","Westacre Dairy Shredded Parmesan Cheese 250g"
"","500g","$7.99","$15.98 per kg","https://www.aldi.com.au/fileadmin/_processed_/4/6/csm_1002781_REDUCTIONS_IMAGE-UPDATES_1x1_228x128_17_RET_cb5a211d75.png","Westacre Dairy Light Tasty Cheese Slices 500g"
"","500g","$7.99","$15.98 per kg","https://www.aldi.com.au/fileadmin/_processed_/b/4/csm_1002153_REDUCTIONS_R49_1x1_228x128_1_RET_fa59ccb9cf.png","Westacre Dairy Colby Cheese Slices 500g"
"","200g","$4.49","$22.45 per kg","https://www.aldi.com.au/fileadmin/_processed_/6/b/csm_1002729_LTO_B1_1x1_228x128_2_RET_54ee3bdde9.png","Blackstone Korean BBQ Flavoured Cashews 200g"
"","400g","$8.99","$22.48 per kg","https://www.aldi.com.au/fileadmin/_processed_/2/a/csm_1002729_LTO_B1_1x1_228x128_3_RET_e36b4efd99.png","Forresters Sesame Cashews 400g"
"","ea","$3.29","$1.32 per 100ml","https://www.aldi.com.au/fileadmin/_processed_/3/5/csm_1002729_LTO_B1_1x1_228x128_5_RET_020b0e8084.png","Expressi Coffee Syrups 250ml"
"","1kg","$21.99","$21.99 per kg","https://www.aldi.com.au/fileadmin/_processed_/a/0/csm_4823_5-LTO_1x1_228x128_2_RET_215ed591ab.png","Lazzio Luxe Blend Beans 1kg"
"","ea","$5.99","$1.50 per 100g","https://www.aldi.com.au/fileadmin/_processed_/f/d/csm_1002729_LTO_B4_1x1_228x128_2_RET_b7105f4a35.png","Mama Ka'z Dessert Puddings Sticky Date or Apple Crumble 400g"
"","500g","$3.99","80c per 100g","https://www.aldi.com.au/fileadmin/_processed_/2/3/csm_1002729_LTO_B4_1x1_228x128_3_RET_02c1413870.png","World Kitchen Potato Gnocchi 500g"
"","500g","$7.99","$15.98 per kg","https://www.aldi.com.au/fileadmin/_processed_/2/6/csm_1002153_REDUCTIONS_R49_1x1_228x128_2_RET_afddf90c88.png","Westacre Dairy Tasty Cheese Slices 500g"
"","ea","$3.39","34c per 100ml","https://www.aldi.com.au/fileadmin/_processed_/e/7/csm_1002153_REDUCTIONS_R49_1x1_228x128_3_RET_64ec43caef.png","Dentitex Mouthwash 1L"
"","500ml","$3.99","80c per 100ml","https://www.aldi.com.au/fileadmin/_processed_/c/4/csm_1002153_REDUCTIONS_R49_1x1_228x128_4_RET_R_c1f16637e8.png","Dentitex Mouthwash 500ml"
"","150g","$11.39","$7.59 per 100g","https://www.aldi.com.au/fileadmin/_processed_/f/0/csm_1002153_REDUCTIONS_R49_1x1_228x128_5_RET_f147eedf0d.png","Moccona Classic Coffee 150g"
"","250g","$2.69","$10.76 per kg","https://www.aldi.com.au/fileadmin/_processed_/b/a/csm_1002153_REDUCTIONS_R48_1x1_228x128_1_RET_ecf4fca176.png","Westacre Cream Cheese Spreadable 250g"
"","per kg","$21.99","$21.99 per kg","https://www.aldi.com.au/fileadmin/_processed_/4/4/csm_1002153_REDUCTIONS_R47_1x1_228x128_2_RET_864d968b7b.png","Jindurra Station Beef Porterhouse Steak per kg"
"","1L","$1.59","$1.59 per litre","https://www.aldi.com.au/fileadmin/_processed_/9/8/csm_1002781_REDUCTIONS_IMAGE-UPDATES_1x1_228x128_16_RET_9e9001db9c.png","Farmdale Lactose Free UHT Milk 1L"
"","750ml","$11.99","null","https://www.aldi.com.au/fileadmin/_processed_/1/d/csm_1002153_REDUCTIONS_R45_1x1_228x128_1_RET_9bc25ae015.png","The Tudor Central Victorian Shiraz 750ml"
"","2L","$6.49","33c per 100ml","https://www.aldi.com.au/fileadmin/_processed_/5/9/csm_1002153_REDUCTIONS_R45_1x1_228x128_2_RET_67e7b195bb.png","Streets Blue Ribbon Vanilla 2L"
"","45ml","$2.99","$6.64 per 100ml","https://www.aldi.com.au/fileadmin/_processed_/b/b/csm_1002153_REDUCTIONS_R46_1x1_228x128_1_RET_5c8de3b32e.png","Rexona Anti Perspirant Roll On Deodorant 45ml"
"","45ml","$2.99","$6.64 per 100ml","https://www.aldi.com.au/fileadmin/_processed_/0/a/csm_1002153_REDUCTIONS_R46_1x1_228x128_2_RET_4ce1f855e1.png","Dove Anti Perspirant Roll On Deodorant 45ml"
"","350g","$6.99","$2.00 per 100g","https://www.aldi.com.au/fileadmin/_processed_/5/4/csm_1002729_LTO_B4_1x1_228x128_4_RET_8fd7dff61c.png","World Kitchen Mushroom Risotto 350g"
"","350g","$7.99","$2.28 per 100g","https://www.aldi.com.au/fileadmin/_processed_/a/1/csm_1002729_LTO_B4_1x1_228x128_5_RET_08f9454e23.png","World Kitchen Carbonara with Chicken and Bacon 350g"
"","200g","$4.69","$2.35 per 100g","https://www.aldi.com.au/fileadmin/_processed_/9/d/csm_1002729_LTO_B4_1x1_228x128_6_RET_70835b7611.png","World Kitchen Mediterranean Style Frittata 200g"
"","300g","$4.19","$1.40 per 100g","https://www.aldi.com.au/fileadmin/_processed_/5/6/csm_1002781_REDUCTIONS_IMAGE-UPDATES_1x1_228x128_13_RET_e617012952.png","Oh So Natural Organic Extra Virgin Coconut Oil 300g"
"","100g","$2.49","$2.49 per 100g","https://www.aldi.com.au/fileadmin/_processed_/4/a/csm_1002781_REDUCTIONS_IMAGE-UPDATES_1x1_228x128_14_RET_09f5e3981d.png","Moser Roth Organic Single Origin Chocolate 100g"
"","350g","$7.99","$2.28 per 100g","https://www.aldi.com.au/fileadmin/_processed_/4/5/csm_1002729_LTO_B2_1x1_228x128_1_RET_d32c523e61.png","World Kitchen Portuguese Style Chicken with Spicy Rice 350g"
"","100g","$3.99","$39.90 per kg","https://www.aldi.com.au/fileadmin/_processed_/6/5/csm_1002729_LTO_B1_1x1_228x128_25_RET_f7cf1095b3.png","Emporium Selection Danish Blue Cheese 100g"
"","200g","$4.99","$24.95 per kg","https://www.aldi.com.au/fileadmin/_processed_/4/8/csm_1002729_LTO_B1_1x1_228x128_26_RET_60fe5717d2.png","Emporium Selection Double Cream Brie 200g"
"","350g","$7.99","$2.28 per 100g","https://www.aldi.com.au/fileadmin/_processed_/7/3/csm_1002729_LTO_B1_1x1_228x128_29_RET_4006fe8385.png","World Kitchen Chicken Parmigiana with Roast Potatoes 350g"
"","240g","$4.99","$2.08 per 100g","https://www.aldi.com.au/fileadmin/_processed_/f/e/csm_1002729_LTO_B1_1x1_228x128_30_RET_50ec085a75.png","World Kitchen Cheeseburger Spring Rolls 240g"
"","700g","$9.99","$1.43 per 100g","https://www.aldi.com.au/fileadmin/_processed_/1/3/csm_1002729_LTO_B1_1x1_228x128_31_RET_777076ec67.png","World Kitchen Mighty Meat Fully Loaded Pizza 700g"
"","80pk","$2.49","$3.11 per 100 wipes","https://www.aldi.com.au/fileadmin/_processed_/9/5/csm_1002153_REDUCTIONS_R43_1x1_228x128_2_RET_4cdf2d5d9b.png","Mamia Embossed Baby Wipes 80pk"
"","160g","$2.39","$1.49 per 100g","https://www.aldi.com.au/fileadmin/_processed_/e/4/csm_1002153_REDUCTIONS_R43_1x1_228x128_3_RET_c5d35b8ae7.png","Sunrice Rice Cakes Sour Cream & Chives 160g"
"","400g","$8.49","$21.23 per kg","https://www.aldi.com.au/fileadmin/_processed_/4/a/csm_1002153_REDUCTIONS_R43_1x1_228x128_1_RET_a584c1cddb.png","Forresters Dry Roasted Mixed Nuts 400g"
"","500g","$15.99","$31.98 per kg","https://www.aldi.com.au/fileadmin/_processed_/1/1/csm_1002153_REDUCTIONS_R42_1x1_228x128_1_RET_9a7ec73617.png","Ocean Royale Wild Raw Peeled Prawns 500g"
"","250g","$4.99","$19.96 per kg","https://www.aldi.com.au/fileadmin/_processed_/b/1/csm_1002153_REDUCTIONS_R41_1x1_228x128_1_RET_91196d5a99.png","Westacre Dairy Tasty Cheese Shredded 250g"
"","1kg","$9.69","$9.69 per kg","https://www.aldi.com.au/fileadmin/_processed_/b/2/csm_1002781_REDUCTIONS_IMAGE-UPDATES_1x1_228x128_11_RET_816593a03b.png","Farmwood Chicken Wing Nibbles 1kg"
"","3pk","$1.99","66c per ea","https://www.aldi.com.au/fileadmin/_processed_/e/c/csm_1002153_REDUCTIONS_R38_1x1_228x128_1_RET_5cce6744af.png","Bakers Life Croissants 3pk/168g"
"","750g","$10.99","$1.47 per 100g","https://www.aldi.com.au/fileadmin/_processed_/7/9/csm_1002729_LTO_B1_1x1_228x128_32_RET_9fdfd7b6d5.png","World Kitchen Korean Beef Dumplings 750g"
"","1.1kg","$10.99","$1.00 per 100g","https://www.aldi.com.au/fileadmin/_processed_/4/7/csm_1002729_LTO_B1_1x1_228x128_33_RET_9a1a5d227f.png","World Kitchen Cottage Pie 1.1kg"
"","800g","$9.99","$1.25 per 100g","https://www.aldi.com.au/fileadmin/_processed_/e/8/csm_1002729_LTO_B1_1x1_228x128_35_RET_124cd71923.png","World Kitchen Beef Bolognese 800g"
"","150g","$5.99","$39.93 per kg","https://www.aldi.com.au/fileadmin/_processed_/4/8/csm_4823_5-LTO_1x1_228x128_1_RET_79d87ef560.png","Emporium Selection Truffle Cheddar Cheese 150g"
"","150g","$6.99","$46.60 per kg","https://www.aldi.com.au/fileadmin/_processed_/5/3/csm_702942_DE_Q_01_1x1_5273a659bf.png","Sartori Cheddar Cheese with Red Wine 150g"
"","per kg","$19.99","$19.99 per kg","https://www.aldi.com.au/fileadmin/_processed_/b/c/csm_1002729_LTO_B4_1x1_228x128_1_RET_c089ebbd10.png","Ready , Set...Cook! Pork Belly Twister per kg"
"","4pk","$19.99","$41.65 per kg","https://www.aldi.com.au/fileadmin/_processed_/7/c/csm_1002729_LTO_B4_1x1_228x128_7_RET_1fc33b5d07.png","The Fishmonger Fresh Tasmanian Salmon Fillets Lemon, Basil & Dill 4pk/480g"
"","200g","$5.99","$29.95 per kg","https://www.aldi.com.au/fileadmin/_processed_/5/2/csm_1002729_LTO_B3_1x1_228x128_1_RET-1_af31155217.png","The Fishmonger Crispy Coconut Prawns 200g"
"","100g","$4.99","$49.90 per kg","https://www.aldi.com.au/fileadmin/_processed_/e/7/csm_1002729_LTO_B1_1x1_228x128_34_RET_391169c387.png","Berg Truffle Salami 100g"
"","1kg","$9.69","$9.69 per kg","https://www.aldi.com.au/fileadmin/_processed_/a/5/csm_1002153_REDUCTIONS_R39_1x1_228x128_2_RET_551d3c732c.png","Farmwood Chicken Breast Chips 1kg"
"","1L","$1.59","$1.59 per litre","https://www.aldi.com.au/fileadmin/_processed_/5/6/csm_1002781_REDUCTIONS_IMAGE-UPDATES_1x1_228x128_15_RET_58f881bc95.png","Farmdale Lactose Free Low Fat UHT Milk 1L"
"","8pk/320g","$4.29","$1.34 per 100g","https://www.aldi.com.au/fileadmin/_processed_/4/1/csm_1002781_REDUCTIONS_IMAGE-UPDATES_1x1_228x128_7_RET_32be3f9cb1.jpg","The Cake Stall Mini Muffins 8pk/320g"
"","250g","$2.99","$11.96 per kg","https://www.aldi.com.au/fileadmin/_processed_/3/b/csm_1002781_REDUCTIONS_IMAGE-UPDATES_1x1_228x128_10_RET_32cec4fd37.png","Whitworths Finest Golden Apricots 250g"
"","300g","$2.59","86c per 100g","https://www.aldi.com.au/fileadmin/_processed_/0/4/csm_1002153_REDUCTIONS_R36_1x1_228x128_1_RET_88fd81544a.png","Atlas Kill & Protect Flying Insect Spray 300g"
"","350g","$2.99","85c per 100g","https://www.aldi.com.au/fileadmin/_processed_/7/b/csm_1002153_REDUCTIONS_R36_1x1_228x128_2_RET_6e2e586ccb.png","Atlas Kill & Protect Crawling Insect Spray 350g"
"","ea","$9.99","$1.43 per 100g","https://www.aldi.com.au/fileadmin/_processed_/3/b/csm_1002729_LTO_B1_1x1_228x128_7_RET_d916460493.png","Urban Eats Japanese Style Chicken or Pork Gyoza 700g"
"","1L","$7.99","80c per 100ml","https://www.aldi.com.au/fileadmin/_processed_/1/0/csm_1002729_LTO_B1_1x1_228x128_10_RET_2d8cbce04b.png","Kapiti Triple Chocolate Ice Cream 1L"
"","6pk/360ml","$6.49","$1.80 per 100ml","https://www.aldi.com.au/fileadmin/_processed_/d/2/csm_1002729_LTO_B1_1x1_228x128_11_RET_f75f3b75c6.png","Kapiti Chocolate Hazelnut Mini 6pk/360ml"
"","1L","$5.99","60c per 100ml","https://www.aldi.com.au/fileadmin/_processed_/8/d/csm_1002729_LTO_B1_1x1_228x128_12_RET_c994da53da.png","Indulge Gourmet Ice Cream Vanilla, Caramel & Choc Brownie 1L"
"","350g","$6.99","$19.97 per kg","https://www.aldi.com.au/fileadmin/_processed_/a/4/csm_1002729_LTO_B1_1x1_228x128_13_RET_b0f7d5a378.png","Ocean Royale Gluten Free Fish Bites 350g"
"","500g","$18.99","$37.98 per kg","https://www.aldi.com.au/fileadmin/_processed_/8/9/csm_1002729_LTO_B1_1x1_228x128_14_RET_a36f8d3326.png","Ocean Royale Australian Raw Prawns Peeled Tail Off 500g"
"","ea","$6.99","$2.06/$1.94 per 100g","https://www.aldi.com.au/fileadmin/_processed_/9/b/csm_1002729_LTO_B1_1x1_228x128_15_RET_751bdeedff.png","Health & Vitality FIT Burrito Bowl or BBQ Beef 340g/360g"
"","350g","$4.49","$1.28 per 100g","https://www.aldi.com.au/fileadmin/_processed_/e/4/csm_1002729_LTO_B1_1x1_228x128_16_RET_acd32e4b90.png","Health & Vitality Thai Style Red Chicken Curry 350g"
"","350g","$3.49","$1.00 per 100g","https://www.aldi.com.au/fileadmin/_processed_/8/4/csm_1002153_REDUCTIONS_R36_1x1_228x128_3_RET_e5690aed68.png","Atlas Multi Insect Spray 350g"
"","35g","$2.99","$8.54 per 100g","https://www.aldi.com.au/fileadmin/_processed_/4/5/csm_1002153_REDUCTIONS_R37_1x1_228x128_2_RET_711e69050d.png","Power Force Active 5 Ball 35g"
"","80pk","$1.89","$2.36 per 100 wipes","https://www.aldi.com.au/fileadmin/_processed_/b/e/csm_1002153_REDUCTIONS_R37_1x1_228x128_3_RET_3283deacc4.png","Mamia Baby Wipes 80pk Fragrance Free"
"","80pk","$1.89","$2.36 per 100 wipes","https://www.aldi.com.au/fileadmin/_processed_/1/9/csm_1002153_REDUCTIONS_R37_1x1_228x128_4_RET_9bd0cd2b84.png","Mamia Baby Wipes 80pk Scented"
"","480pk","$10.49","$2.19 per 100 wipes","https://www.aldi.com.au/fileadmin/_processed_/e/5/csm_1002153_REDUCTIONS_R37_1x1_228x128_5_RET_983caf18a9.png","Mamia Baby Wipes 480pk Fragrance Free"
"","1kg","$10.99","25c per 100g","https://www.aldi.com.au/fileadmin/_processed_/3/3/csm_1002153_REDUCTIONS_R32_1x1_228x128_1_RET_7e0786f063.png","Ocean Royale Southern Blue Whiting Fillets Skin On 1kg"
"","1kg","$9.99","$9.99 per kg","https://www.aldi.com.au/fileadmin/_processed_/d/2/csm_1002729_LTO_B1_1x1_228x128_17_RET_13c8d81a8a.png","Farmwood Chicken Dippers 1kg"
"","350g","$3.49","$9.97 per kg","https://www.aldi.com.au/fileadmin/_processed_/d/0/csm_1002729_LTO_B1_1x1_228x128_18_RET_3f1705ea00.png","Seasons Pride Potato Pommes 350g"
"","510g","$3.99","$7.82 per kg","https://www.aldi.com.au/fileadmin/_processed_/7/6/csm_1002729_LTO_B1_1x1_228x128_19_RET_e62d38af88.png","Seasons Pride Hash Brown Stars 510g"
"","500g","$2.49","$4.98 per kg","https://www.aldi.com.au/fileadmin/_processed_/8/0/csm_1002729_LTO_B1_1x1_228x128_20_RET_4886b0c1ed.png","Seasons Pride Potato Hearts 500g"
"","240g","$3.99","$16.63 per kg","https://www.aldi.com.au/fileadmin/_processed_/a/7/csm_1002729_LTO_B1_1x1_228x128_21_RET_a461394f29.png","Urban Eats Sweet Corn Fritters 240g"
"","2pk/310g","$4.99","$1.61 per 100g","https://www.aldi.com.au/fileadmin/_processed_/0/7/csm_1002729_LTO_B1_1x1_228x128_22_RET_54bbce7807.png","Papa Giuseppi's Cheese Pizza Pies 2pk/310g"
"","ea","$5.99","$13.31 per kg","https://www.aldi.com.au/fileadmin/_processed_/9/e/csm_1002729_LTO_B1_1x1_228x128_23_RET_edc488b028.png","Orchard & Vine Smoothie Mix 450g"
"","4g-30g","$2.39","$5.98 - $0.80 per 10g","https://www.aldi.com.au/fileadmin/_processed_/8/3/csm_1002153_REDUCTIONS_R31_1x1_228x128_2_RET_36d7007e98.png","Stonemill Spice Shakers 4g-30g"
"","450g","$1.99","44c per 100g","https://www.aldi.com.au/fileadmin/_processed_/8/1/csm_1002153_REDUCTIONS_R30_1x1_228x128_1_RET_d731254d25.png","World Kitchen Fresh Noodles 450g"
"","170g","$1.95","$11.47 per kg","https://www.aldi.com.au/fileadmin/_processed_/d/a/csm_1002153_REDUCTIONS_R30_1x1_228x128_3_RET_563d7370ac.png","Sweet Vine Sweetened Dried Cranberries 170g"
"","432g","$3.99","$9.24 per kg","https://www.aldi.com.au/fileadmin/_processed_/d/5/csm_1002781_REDUCTIONS_IMAGE-UPDATES_1x1_228x128_5_RET_18807621b4.png","Westacre Dairy Light Wrapped Cheese Slices 432g"
"","432g","$3.99","$9.24 per kg","https://www.aldi.com.au/fileadmin/_processed_/1/7/csm_1002781_REDUCTIONS_IMAGE-UPDATES_1x1_228x128_6_RET_0dc9c190d1.png","Westacre Dairy Wrapped Cheese Slices 432g"
"","120g","$2.99","$2.49 per 100g","https://www.aldi.com.au/fileadmin/_processed_/5/3/csm_1002781_REDUCTIONS_IMAGE-UPDATES_1x1_228x128_4_RET_5a48976ecd.png","Deli Originals Fresh Mixed Olives 120g"
"","1L","$4.49","45c per 100ml","https://www.aldi.com.au/fileadmin/_processed_/3/e/csm_1002153_REDUCTIONS_R26_1x1_228x128_2_RET_d9c7ce8310.png","Pure Vita Sunflower Oil 1L"
"","200g","$2.09","$1.05 per 100g","https://www.aldi.com.au/fileadmin/_processed_/2/5/csm_1002153_REDUCTIONS_R26_1x1_228x128_3_RET_8d30527e2f.png","Belmont Biscuit Co. Just Divine 200g"
"","120g","$2.99","$2.49 per 100g","https://www.aldi.com.au/fileadmin/_processed_/d/d/csm_1002153_REDUCTIONS_R25_1x1_228x128_2_RET_073b5ddd12.png","Deli Originals Fresh Antipasto 120g"
"","4pk/400g","$5.49","$1.37 per 100g","https://www.aldi.com.au/fileadmin/_processed_/3/2/csm_1002729_LTO_B1_1x1_228x128_24_RET_5bd0989ca9.png","International Cuisine Cheese & Bacon Mini Pizza 4pk/400g"
"","320g","$3.99","$12.47 per kg","https://www.aldi.com.au/fileadmin/_processed_/c/c/csm_704495_DE_Q_01_1x1_4a25534df9.png","Urban Eats Cauliflower Buffalo Wings 320g"
"","1kg","$4.49","$4.49 per kg","https://www.aldi.com.au/fileadmin/_processed_/1/8/csm_1002153_REDUCTIONS_R24_1x1_228x128_1_RET_3682c89f3b.png","Market Fare Baby Peas 1kg"
"","425g","$3.79","89c per 100g","https://www.aldi.com.au/fileadmin/_processed_/7/f/csm_1002153_REDUCTIONS_R22_1x1_228x128_5_RET_8162de37da.png","World Kitchen Pasta Sauces 425g"
"","450g","$2.79","62c per 100g","https://www.aldi.com.au/fileadmin/_processed_/3/3/csm_1002153_REDUCTIONS_R22_1x1_228x128_6_RET_11def50d60.png","Earth Grown Firm Tofu 450g"
"","250g","$2.79","$1.12 per 100g","https://www.aldi.com.au/fileadmin/_processed_/2/0/csm_1002781_REDUCTIONS_IMAGE-UPDATES_1x1_228x128_1_RET_366179ce3f.png","Choceur Chocolate Bits 250g"
"","250ml","$2.99","$1.20 per 100ml","https://www.aldi.com.au/fileadmin/_processed_/6/a/csm_1002781_REDUCTIONS_IMAGE-UPDATES_1x1_228x128_2_RET_d3c204c2c1.png","Tricare Instant Hand Sanitiser 250ml"
"","ea","$1.69","34c per 100ml","https://www.aldi.com.au/fileadmin/_processed_/0/3/csm_1002153_REDUCTIONS_R19_1x1_228x128_1_RET_119615b88f.png","Tricare Foaming Hand Wash Refill 500ml"
"","100ml","$4.99","50c per 10ml","https://www.aldi.com.au/fileadmin/_processed_/3/f/csm_1002153_REDUCTIONS_R19_1x1_228x128_2_RET_74745ab404.png","White Mill Vanilla Extract 100ml"
"","280g","$3.29","$11.75 per kg","https://www.aldi.com.au/fileadmin/_processed_/0/5/csm_1002153_REDUCTIONS_R18_1x1_228x128_2_RET_7a7668acab.png","Deli Originals Greek Style Dolmades 280g"
"","120g","$1.99","$16.58 per kg","https://www.aldi.com.au/fileadmin/_processed_/9/e/csm_1002153_REDUCTIONS_R16_1x1_228x128_1_RET_7428aebcfe.png","The Fresh Salad Co Baby Spinach & Rocket 120g"
"","120g","$1.99","$16.58 per kg","https://www.aldi.com.au/fileadmin/_processed_/6/e/csm_1002153_REDUCTIONS_R16_1x1_228x128_2_RET_e7c29af735.png","The Fresh Salad Co Rocket 120g"
"","120g","$1.99","$16.58 per kg","https://www.aldi.com.au/fileadmin/_processed_/3/8/csm_1002153_REDUCTIONS_R16_1x1_228x128_3_RET_759486b254.png","The Fresh Salad Co Superleaf Salad Mix 120g"
"","300g","$3.99","$13.30 per kg","https://www.aldi.com.au/fileadmin/_processed_/8/9/csm_1002153_REDUCTIONS_R16_1x1_228x128_4_RET_2f0aeb0142.png","The Fresh Salad Co Baby Leaf Blend 300g"
"","500g","$2.19","$4.38 ker pg","https://www.aldi.com.au/fileadmin/_processed_/0/a/csm_1002153_REDUCTIONS_R16_1x1_228x128_5_RET_eea9d260ed.jpg","White Mill Cornflour 500g"
"","120g","$1.99","$16.58 per kg","https://www.aldi.com.au/fileadmin/_processed_/4/3/csm_1000341-15_REDUCTIONS_FUTURE-PRICE-_RND15__1x1_228x128_1_RET_3c9bfdc8aa.png","The Fresh Salad Co Baby Spinach 120g"
"","280g","$3.99","$14.25 per kg","https://www.aldi.com.au/fileadmin/_processed_/1/4/csm_1000341-15_REDUCTIONS_FUTURE-PRICE-_RND15__1x1_228x128_2_RET_625c52fc38.png","The Fresh Salad Co Baby Spinach 280g"
"","per kg","$16.99","$16.99 per kg","https://www.aldi.com.au/fileadmin/_processed_/6/1/csm_1000341-14_REDUCTIONS_FUTURE-PRICE-_RND14__1x1_228x128_2_af306a9d9c.png","Jindurra Station Gravy Beef per kg"
"","1kg","$8.99","$8.99 per kg","https://www.aldi.com.au/fileadmin/_processed_/c/2/csm_1000341-12_REDUCTIONS_FUTURE-PRICE-_RND12__1x1_228x128_2_RET_78343ebb80.png","Farmwood Chicken Breast T-Rex Bites 1kg"
